3658 5424
748 512 907 571 ..47-

254 647 294 698 sic
311 662 361 697 nos
376 645 491 706 ,wenedos
507 660 542 710 μς
557 643 671 708 falcatos
687 643 724 706 B,
742 641 790 694 sed
807 642 903 693 nudos
926 642 1027 694 melius
1051 641 1199 708 respondet
1216 646 1274 694 cod.
1288 642 1404 694 letteris.

253 755 284 764 -
299 727 342 791 eie]
360 723 534 776 addiderunt
550 725 590 789 B.;
600 759 606 774 .
617 759 639 773 ..
655 721 715 774 cod.
729 751 759 760 -
770 723 851 772 dcem
868 723 970 772 circiter
985 722 1067 786 milio]
1085 721 1125 772 sic
1137 738 1193 784 noe,
1205 721 1335 773 Orosium
1345 723 1402 784 (VI,

254 808 276 870 2,
293 807 315 868 6,
331 807 358 868 7)
374 812 402 856 et
418 804 580 869 Appianum
596 803 700 868 (Miller.
716 804 759 866 49)
782 802 886 867 secuti3
910 803 1070 864 septuaginta
1090 803 1196 852 circiter
1219 802 1293 852 miie'a
1311 803 1404 853 nescio

254 885 394 952 quomodo
409 885 440 935 in
459 890 541 936 textu
557 883 732 948 scripserunt
748 885 778 934 Β.
791 883 862 935 etin
879 883 952 933 adn:
962 889 996 932 est
1012 883 1058 944 cni
1067 883 1176 933 coniciet
1189 901 1201 927 ι
1213 883 1407 933 Arcbclaoanbi

254 966 335 1018 LXX
348 966 451 1016 circiter
465 989 474 1010 ι
491 994 518 1003 —
535 965 585 1030 die]
603 981 654 1015 nos
670 963 865 1030 supplevimus
879 979 944 1015 cum
956 963 1032 1014 Plut.
1048 961 1126 1026 (Soli.
1139 965 1197 1028 21);
1213 980 1239 1015 v.
1256 963 1343 1014 etiam
1365 964 1418 1014 Μ.-

253 1047 392 1098 Flemisch
408 1047 438 1110 (l.
454 1051 501 1109 m.)
518 1075 548 1084 -
571 1047 636 1109 siena
651 1046 796 1110 suppressa]
814 1045 844 1096 B.
857 1061 922 1094 -ae
937 1050 1033 1094 noctu·
1043 1043 1206 1110 continebant]
1222 1045 1262 1094 sic
1278 1045 1348 1096 bene
1359 1061 1405 1096 co·

254 1127 325 1179 nicit
341 1127 484 1178 Traubius
500 1126 638 1190 (euplus.
667 1123 731 1176 suet.
756 1127 787 1175 21
803 1126 1038 1189 serenitatum<
1058 1126 1094 1188 εἰς
1113 1131 1154 1180 τὸν
1174 1130 1279 1200 χάρακα
1288 1129 1403 1199 ’μοχθη-

256 1218 308 1282 ρῶς
325 1209 399 1277 κτλ),
416 1213 449 1259 ut
466 1204 541 1270 apud
557 1205 643 1256 Mich.
659 1205 798 1256 Flemisch
814 1205 842 1268 (l.
861 1209 907 1267 m.)
923 1203 1068 1268 videmus3
1087 1206 1276 1268 praefectorum
1295 1206 1403 1266 irnperio

254 1284 444 1336 continebantur
460 1285 578 1348 B.,quae
595 1283 757 1335 coniectura
774 1283 878 1333 litteris
890 1283 994 1334 codicis
1011 1299 1109 1347 parum
1127 1282 1283 1348 respondet.
1298 1286 1301 1348 Ι
1315 1285 1358 1333 sed
1367 1285 1405 1347 sc-

254 1365 348 1430 rocies]
361 1379 426 1414 cum
438 1363 593 1430 Flemisch.;
609 1363 652 1414 aed
668 1365 738 1414 ocius
753 1365 783 1415 B.
800 1368 828 1414 et
846 1381 870 1429 p.
889 1400 943 1415 ....
957 1363 1153 1418 RSEDOCIUS
1165 1363 1225 1416 cod.
1237 1393 1267 1401 -
1278 1364 1404 1431 Addcrae]

255 1445 302 1510 Μ.;
319 1445 456 1496 canusa
472 1443 531 1495 cod.

313 1681 347 1735 Α.
366 1682 452 1739 Sutia
470 1681 536 1736 Aen.
554 1679 695 1753 reversus]
714 1679 778 1746 Quo
798 1685 931 1751 tempore
953 1679 1036 1734 Sulla
1058 1679 1194 1735 Athenas
1210 1678 1334 1734 redierit
1356 1697 1405 1735 res

259 1776 305 1824 est
323 1769 442 1840 quidem
462 1775 672 1837 controversa3
693 1785 794 1824 errare
817 1775 918 1824 tamen
943 1769 1064 1824 videtur
1079 1769 1244 1824 Pausanias
1258 1768 1295 1839 (l,
1309 1770 1352 1837 20,
1368 1770 1404 1839 6),

259 1875 326 1912 cum
345 1855 447 1911 tradat
465 1857 586 1925 Sullam,
607 1875 674 1911 cum
695 1857 831 1912 Athenae
855 1864 1043 1928 caperentur,
1062 1859 1092 1912 in
1121 1857 1244 1912 Boeotia
1262 1857 1355 1912 fuisse
1374 1863 1405 1912 et

260 1945 362 2001 eodem
381 1946 429 2002 die
456 1946 534 2015 apud
562 1945 765 2001 Chaeroneam
795 1948 912 2014 vicisse,
936 1946 1043 2001 deinde
1071 1946 1207 2002 Athenas
1235 1948 1406 2002 revertisse.

258 2035 456 2090 Statuendum
475 2037 574 2107 potius
593 2041 639 2092 est
658 2035 779 2103 Sullam,
793 2036 921 2090 Athenis
942 2037 1039 2107 captis
1057 2035 1127 2106 (kal.
1147 2036 1236 2090 Mart.
1250 2054 1275 2090 a.
1289 2055 1317 2089 u.
1332 2036 1405 2106 668),

259 2127 290 2180 in
309 2125 462 2180 Boeotiam
482 2143 513 2180 se
534 2125 704 2192 contulisse,
726 2126 825 2195 ibique
845 2125 948 2179 eodem
968 2142 1069 2180 mense
1082 2125 1194 2179 Martio
1209 2125 1350 2180 Ponticas
1364 2143 1406 2180 co·

260 2216 324 2286 pias
343 2215 421 2286 apud
448 2214 650 2270 Chaeroneam
678 2215 799 2282 fudisse,
820 2214 934 2282 deinde,
964 2221 1080 2270 aestate
1099 2216 1170 2270 anni
1190 2215 1250 2284 668,
1271 2215 1407 2270 Athenas

260 2304 381 2371 redisse,
395 2310 429 2358 ut
442 2306 590 2376 principes
604 2305 760 2360 seditionis
775 2322 870 2376 poena
883 2303 1025 2361 afficeret.
1040 2337 1072 2346 —
1086 2305 1235 2375 principes
1248 2304 1406 2378 seditionis]

260 2397 279 2449 i.
299 2412 322 2450 e.
342 2397 540 2466 magistratus
560 2400 590 2450 et
610 2394 743 2450 fautores
762 2397 926 2451 Aristionis
946 2395 1148 2463 Atheniensis,
1163 2395 1309 2466 Epicurei,
1323 2397 1407 2450 cuius

261 2502 350 2556 opera
364 2483 556 2540 Mithridates
569 2483 699 2540 Graecos
712 2483 750 2538 ad
763 2484 940 2540 seditionem
951 2484 1113 2555 impulerat
1125 2486 1165 2556 (v.
1179 2483 1258 2538 Plut.
1272 2487 1345 2542 Soti.
1360 2486 1405 2550 113

261 2573 346 2627 Dion.
366 2569 446 2628 Cass.
465 2572 502 2626 fr.
523 2573 587 2641 124;
610 2575 685 2644 App.
706 2574 807 2628 Mitbr.
826 2591 849 2628 c.
869 2573 922 2641 39;
943 2573 1030 2627 Paus.
1052 2573 1075 2641 I,
1094 2574 1138 2640 21,
1158 2574 1198 2643 6),
1220 2573 1258 2639 hi,
1279 2573 1406 2627 Athenis

262 2665 365 2733 captis,
385 2679 452 2716 cum
472 2663 502 2716 in
522 2662 693 2732 Acropolim
713 2679 744 2716 se
764 2664 956 2732 recepissent,
985 2678 1037 2732 per
1056 2662 1172 2732 aliquot
1191 2661 1254 2716 dies
1278 2661 1307 2714 C.
1327 2659 1407 2715 Scri-

263 2752 350 2806 bonio
369 2754 498 2818 Curioni,
518 2754 564 2806 cui
590 2752 672 2806 Sulla
695 2770 759 2806 eam
784 2752 966 2806 obsidionem
990 2752 1194 2817 mandaverat,
1219 2753 1406 2806 restiterunt.

262 2841 330 2912 lpse
350 2842 464 2896 Aristio
483 2842 519 2896 ad
540 2842 725 2911 triumphum
739 2842 838 2896 Sullae
852 2848 992 2896 servatus
1006 2848 1060 2896 est.
1074 2841 1215 2896 Ceterum
1228 2841 1293 2895 fieri
1308 2846 1408 2912 potest

262 2937 296 2985 ut
323 2933 401 2986 arcis
420 2934 603 3002 expugnatio
624 2938 654 2985 et
681 2932 827 3002 proelium
846 2931 883 2984 ad
909 2930 1111 2986 Chaeroneam
1132 2933 1162 2985 in
1183 2930 1309 2985 eundem
1329 2929 1407 2984 diem

261 3020 430 3086 inciderint,
448 3027 538 3090 atquo
557 3021 626 3074 inde
647 3021 812 3074 Pausaniae
827 3038 911 3074 error
926 3023 1073 3089 originem
1093 3020 1215 3074 duxerit
1228 3019 1276 3091 (cf.
1298 3019 1409 3076 Theod.

262 3108 414 3163 Rcinack:
434 3109 606 3164 Mithridate
624 3111 768 3178 Eupator,
789 3108 882 3175 Paria,
895 3108 985 3162 Didot
1000 3110 1077 3176 1890,
1089 3127 1115 3179 p.
1136 3107 1208 3180 176).
1223 3139 1255 3150 -
1266 3109 1409 3179 quinqua·

260 3200 345 3271 pinio
364 3230 396 3242 -·
416 3201 557 3267 vastabat]
578 3198 780 3264 Mithridates,
801 3201 851 3268 qui
871 3200 902 3252 in
922 3199 995 3253 Asia
1008 3215 1103 3253 novas
1123 3200 1222 3268 copias
1236 3215 1408 3269 comparare

263 3307 414 3358 nunquam
434 3288 603 3356 destiterat,
620 3293 687 3358 post
700 3287 955 3342 Chaeroneeusem
971 3287 1085 3341 cladem
1100 3287 1229 3341 alterum
1244 3289 1409 3342 exercitum

263 3379 294 3432 in
313 3377 469 3432 Graeciam
490 3378 582 3441 misit,
602 3376 676 3431 duce
696 3376 835 3446 Dorylao,
850 3375 994 3431 fidissimo
1008 3383 1249 3447 purpuratorum,
1264 3379 1315 3446 qui
1330 3394 1409 3431 exer·

263 3467 349 3532 citus,
369 3468 417 3521 cui
435 3466 601 3521 Archelaus
631 3465 810 3539 praefuerat,
840 3465 975 3536 reliquiis
995 3465 1136 3534 collectis,
1165 3483 1202 3520 ex
1230 3465 1350 3520 Euboea
1378 3466 1408 3519 in

263 3556 416 3610 Boeotiam
437 3562 645 3626 transgressus
665 3561 720 3610 est.
741 3587 773 3597 —
794 3553 1020 3628 qeeinqeeapinto]
1040 3555 1233 3624 septuaginta
1260 3554 1342 3608 milia
1361 3554 1409 3624 (cf.

264 3644 376 3699 chbs:
395 3646 431 3700 de
448 3644 639 3714 scriptoribus
658 3644 762 3699 aetatis
780 3646 922 3702 Saeturnus
935 3645 1001 3698 Ber.
1018 3644 1087 3698 1876
1101 3662 1127 3714 p.
1140 3643 1187 3715 35)
1199 3644 1292 3698 inisse
1307 3642 1411 3697 dicunt

264 3733 427 3804 Eutropius
437 3733 482 3805 (V,
494 3736 518 3800 6,
529 3734 558 3804 3)
568 3739 598 3788 et
612 3733 735 3789 Orosius
744 3733 806 3806 (Vl,
821 3735 846 3801 2,
860 3735 896 3806 6),
909 3735 1063 3805 octoginta
1076 3733 1257 3788 Plutarchus
1269 3733 1354 3803 (sod.
1364 3733 1411 3804 20)

265 3829 295 3878 et
314 3824 470 3894 Appianas
489 3823 603 3894 (Mithr.
622 3824 686 3893 49);
716 3841 858 3878 numerus
877 3841 895 3877 a
919 3823 1076 3878 Liciniano
1095 3823 1226 3878 traditus
1249 3823 1290 3894 (in
1311 3822 1410 3876 codice

265 3916 417 3984 perspicue
437 3912 561 3983 legitur)
581 3914 761 3984 probabilior
782 3913 910 3969 videtur.
925 3944 957 3954 -
973 3913 1137 3984 quadripes
1150 3915 1319 3983 essedasque
1330 3910 1410 3984 sept]

264 4021 282 4056 a
301 4002 365 4057 solo
384 4002 539 4056 Liciniano
559 4003 614 4058 hoc
634 4003 785 4058 habemus.
806 4034 840 4044 —
859 4006 1017 4058 Archelaus
1044 4004 1145 4057 decem.
1168 4003 1252 4057 mitia
1281 4033 1313 4044 ·—
1334 4005 1410 4056 colle·

262 4091 353 4165 perat]
373 4110 401 4146 v.
420 4110 519 4163 suipra.
542 4124 574 4134 —
592 4093 689 4163 priora
707 4092 762 4167 die]
783 4093 894 4147 Narrat
914 4093 1087 4146 Licinianus
1106 4092 1251 4162 proelium
1271 4091 1348 4162 apud
1362 4091 1411 4146 Or·

266 4182 451 4248 chomenum,
472 4181 558 4251 quod,
579 4188 746 4254 temporum
767 4185 884 4236 ratione
903 4181 1064 4253 diligenter
1084 4187 1247 4252 perspecta,
1267 4186 1411 4236 autumno

266 4274 336 4326 anni
357 4289 385 4325 u.
407 4273 460 4326 668
479 4272 591 4326 factum
612 4291 677 4327 csse
696 4273 826 4328 videtur.
847 4273 964 4326 Pontici
984 4277 1014 4326 et
1034 4271 1162 4326 Romani
1191 4272 1335 4325 acerrimo
1356 4289 1411 4341 pu-

266 4368 439 4431 gnaverunt
459 4379 510 4432 per
530 4361 604 4416 duos
623 4362 694 4426 diae,
715 4379 840 4432 quorum
862 4363 959 4432 priore
979 4361 1136 4432 Diogenes,
1158 4359 1297 4414 Archelai
1317 4361 1411 4430 privi-

266 4467 352 4522 gnus,
364 4449 532 4505 trucidatus
544 4457 598 4505 est.
611 4482 644 4490 ·-
653 4449 741 4521 filins]
754 4452 843 4504 etiam
859 4449 895 4504 ab
904 4452 1055 4521 Eutropio,
1067 4449 1180 4514 Orosi0,
1192 4450 1336 4520 Appiano,
1347 4449 1412 4503 Dio·

266 4557 358 4610 genes
377 4539 457 4594 filius
477 4539 614 4594 Archelai
644 4540 827 4611 appellatur;
857 4540 908 4595 sed
928 4539 1006 4610 apud
1037 4539 1230 4594 Plutarchum
1259 4539 1344 4610 (Soti.
1365 4539 1412 4609 21)

269 4629 399 4704 Διογένης
419 4631 432 4684 b
450 4639 497 4703 τῆς
517 4629 664 4703 Ἀρχελάου
685 4633 807 4702 γυναικὸς
826 4630 885 4692 υἱός.
