3658 5424
404 613 552 651 censemus
566 615 633 651 cum
649 599 825 650 Franckenio
840 604 876 664 (o.
891 616 928 651 m.
944 617 971 665 p.
985 601 1051 662 mu),
1067 600 1118 665 qni
1134 599 1265 664 proponit
1280 600 1419 664 mm,
1438 599 1486 651 sed
1503 617 1553 652 nn·

402 696 497 732 merus
512 681 572 744 XL,
588 695 673 745 quem
688 680 850 732 invenimus
865 680 941 745 apud
957 681 1020 732 Liv.
1032 681 1095 732 Per.
1105 680 1137 729 67
1151 687 1194 732 est
1209 680 1341 732 calonum
1352 681 1552 732 tantummodo

401 765 432 812 et
454 761 578 812 lixarum
603 761 826 824 interfectorum,
850 777 917 812 cum
932 761 1098 813 Licinianus
1115 761 1194 812 dicat
1208 761 1319 812 ωῖίιιιι
1333 761 1505 825 culcunque
1520 791 1551 802 -

399 842 510 892 wmlu
522 848 546 892 et
561 843 653 905 equum
668 843 782 895 Rom
791 878 816 894 ..
830 879 837 893 .
851 843 877 908 .]
894 842 1028 907 Dieckm,
1044 848 1079 894 nt
1094 842 1199 895 lacuna
1221 843 1395 908 suppleatur,
1420 843 1551 909 proponit

401 939 434 974 ez
444 923 549 987 praeut
564 925 714 987 offererant
731 949 760 960 -

459 1209 494 1266 A.
512 1205 579 1262 Hac
596 1207 736 1264 columna
754 1225 803 1264 res
821 1213 924 1280 gestas
942 1207 1021 1282 apud
1048 1210 1247 1266 Arausionem
1270 1208 1375 1280 procul
1393 1207 1484 1263 dubio
1502 1208 1548 1262 Li·

405 1297 542 1352 cinianus
560 1315 709 1370 exponere
727 1297 879 1370 pergebat,
898 1303 990 1368 atque
1008 1299 1131 1353 tertiam
1150 1296 1266 1353 cladem
1284 1315 1303 1352 a
1320 1296 1474 1366 Romanis,
1488 1297 1549 1367 qui·

406 1385 461 1441 bus
479 1385 602 1442 Mallius
620 1397 769 1458 praeerat,
788 1391 942 1458 acceptam
960 1386 1113 1442 narrabat.

458 1476 491 1529 Β.
513 1475 618 1530 Paucis
636 1475 774 1536 versibus
800 1476 892 1532 buius
921 1476 1077 1532 columnae
1105 1478 1157 1548 qui
1184 1483 1347 1549 supersunt
1373 1477 1548 1531 Licinianus

406 1566 504 1636 egisse
522 1564 643 1620 videtur
661 1565 698 1620 de
716 1567 867 1622 exercitus
889 1566 1025 1637 reliqniis
1048 1584 1083 1621 ac
1104 1584 1263 1622 nnmerum
1284 1567 1425 1622 attulisse
1442 1566 1548 1621 Roma

404 1672 512 1710 norum
531 1657 582 1726 qui
600 1657 632 1709 in
650 1655 763 1728 triplici
781 1656 861 1727 apud
879 1657 1078 1712 Arausionem
1097 1658 1211 1728 proelio
1233 1655 1451 1728 perierunt.'-
1478 1658 1549 1727 quot

404 1745 518 1816 reliqua
538 1775 569 1787 -
588 1747 630 1802 ud
647 1744 687 1820 X]
705 1745 751 1800 Ex
769 1748 893 1801 immani
911 1745 996 1802 clude
1014 1746 1130 1818 aliquot
1148 1747 1232 1802 milia
1249 1747 1454 1802 Romanorum
1473 1744 1548 1800 effu-

404 1836 494 1905 gisse,
513 1853 573 1890 non
592 1836 693 1891 decem
713 1835 929 1901 tantummodo,
948 1842 984 1890 ut
1002 1838 1124 1908 scripsit
1142 1837 1207 1893 Vel.
1225 1837 1343 1905 Antias,
1371 1855 1431 1892 non
1450 1836 1548 1891 solum

405 1941 454 1979 res
472 1930 520 1979 est
532 1927 597 1996 ipsa
609 1943 661 1997 per
675 1943 708 1981 se
721 1926 902 1992 verisimilis,
917 1925 969 1981 sed
983 1928 1075 1982 etiam
1089 1945 1107 1982 a
1116 1927 1243 1999 Vegetio
1256 1928 1347 1998 (dere
1360 1927 1420 1981 mil.
1434 1925 1548 1996 111,10)

404 2013 622 2084 quodammodo
640 2014 825 2084 confirmata,
844 2034 912 2070 cnm
930 2016 1036 2072 doceat
1063 2017 1179 2087 aliquot
1198 2023 1267 2088 post
1293 2033 1390 2073 anuos
1417 2016 1547 2070 Marium

404 2103 560 2160 amborum
577 2108 762 2161 exercituum
781 2105 925 2177 reliquias
943 2108 1117 2178 repperisse.
1138 2139 1172 2148 -
1190 2124 1251 2163 non
1269 2107 1429 2162 minue...
1445 2104 1548 2160 ,ηιᾱὶα

400 2209 463 2264 per.
481 2193 575 2269 exiet]
594 2195 687 2251 Valde
706 2196 858 2268 probabile
876 2203 923 2251 est
942 2196 1021 2268 quod
1049 2195 1199 2252 Diodorus
1223 2197 1278 2268 (36,
1298 2198 1327 2268 1)
1353 2195 1547 2250 Posidonium

404 2283 603 2355 Apamensem
623 2291 744 2342 secutus
763 2291 877 2354 narrat,
895 2287 915 2340 i.
935 2304 959 2342 e.
979 2291 1044 2341 toto
1062 2287 1116 2340 illo
1140 2286 1218 2341 bello
1237 2287 1292 2340 LX
1321 2288 1441 2341 circiter
1465 2282 1548 2337 milia

405 2372 608 2429 Romanorum
629 2378 769 2447 periisse;
790 2393 886 2446 neque
905 2376 1001 2431 multo
1029 2378 1128 2431 minor
1146 2394 1189 2445 eo,
1219 2394 1308 2447 quem
1326 2375 1405 2447 apud
1427 2373 1547 2429 Livium

404 2461 484 2532 (Per.
502 2464 549 2536 67)
568 2465 746 2532 invenimus,
769 2481 912 2520 numerus
932 2465 1025 2520 fuisse
1049 2464 1170 2519 videtur
1198 2465 1335 2519 calonum
1364 2469 1396 2518 et
1418 2463 1548 2517 lixarum

405 2554 455 2621 qui
474 2555 639 2608 exereitum
659 2553 869 2624 sequebantur.
889 2585 923 2595 -
950 2552 1089 2626 mucules]
1117 2555 1239 2609 Mallius
1258 2560 1289 2608 et
1311 2553 1427 2624 Caspio,
1447 2569 1549 2623 quam·

405 2659 494 2713 quam
508 2643 564 2708 hic,
578 2661 610 2698 re
624 2660 704 2713 vera,
714 2661 768 2716 pro
778 2643 899 2699 consule
913 2649 992 2712 erat,
1007 2645 1051 2700 sic
1065 2645 1157 2698 etiam
1167 2642 1245 2715 apud
1259 2643 1437 2714 Eutropium
1451 2641 1498 2714 (V,
1511 2642 1547 2713 1).
