3658 5424
602 1120 1067 1211 PRAEFATIO.

769 1375 896 1395 ..ι-Μυ-

343 2151 466 2227 Grnni
494 2149 687 2224 Liciniani
713 2179 808 2249 quae
827 2162 1031 2249 supersunt
1055 2178 1076 2224 a
1103 2152 1269 2246 Georgio
1297 2151 1401 2228 Hen-

270 2289 348 2362 rioo
376 2288 497 2382 Perta,
524 2297 566 2360 ut
597 2287 698 2360 inter
724 2314 854 2361 omnes
889 2297 1048 2380 constat,
1082 2289 1240 2379 detecta,
1272 2315 1294 2362 a
1320 2289 1398 2362 filio

269 2421 412 2496 Kerolo
447 2448 547 2494 enno
586 2421 882 2515 MDOOOLVH
916 2419 1041 2496 editn¹
1075 2449 1162 2494 enni
1204 2423 1399 2497 nonnullis

270 2557 496 2630 Mommseni
534 2565 571 2630 et
609 2556 810 2654 Bernaysii
849 2556 1089 2650 coniecturis,
1132 2557 1260 2629 statim
1287 2559 1335 2630 ad
1362 2585 1400 2631 se

272 2695 468 2766 doctorum
486 2691 658 2790 virorum
685 2691 813 2764 oculos
832 2701 869 2764 et
887 2717 996 2763 curas
1015 2691 1156 2763 mirum
1175 2691 1215 2762 in
1242 2693 1399 2764 modum

272 2836 552 2902 converterunt.
586 2825 674 2899 Non
701 2825 823 2899 solum
851 2826 952 2898 enim
980 2825 1119 2920 viginti
1152 2826 1284 2898 diebus
1315 2837 1401 2923 post

271 2963 514 3037 Pertzianum
546 2987 639 3058 opus
675 2961 819 3034 editum
856 2962 1122 3056 Piiiiotoqonnn
1159 2963 1400 3034 Bonnensiinn

270 3099 408 3194 Heptas
433 3095 592 3169 alteram
619 3096 695 3167 inni
731 3094 924 3168 Liciniani
955 3094 1215 3168 recensionem
1249 3120 1401 3192 eompa-

272 3242 394 3304 ratam
420 3230 553 3304 habuit
579 3231 785 3327 paucisque
812 3240 896 3326 post
921 3229 1115 3302 mensibus
1142 3255 1225 3302 eain
1252 3228 1401 3303 lectori-

271 3370 340 3440 bus
372 3365 531 3439 tradidit
546 3371 568 3459 ²,
605 3367 671 3439 sed
703 3365 732 3436 Ι.
767 3364 814 3437 N.
843 3363 1009 3458 Madvig⁷
1038 3361 1080 3438 C.
1101 3362 1149 3434 M.
1183 3362 1399 3458 Francken,

272 3501 318 3576 G.
346 3500 502 3594 Linker,
536 3500 628 3572 Kar.
660 3499 760 3595 Keil,
793 3496 896 3594 elii³,
931 3525 1018 3570 cuni
1050 3497 1172 3570 inulta
1204 3500 1250 3571 de
1278 3497 1401 3572 Grani

272 3645 393 3710 aetate
420 3645 531 3732 atque
559 3636 604 3708 de
632 3635 712 3708 eius
730 3634 853 3731 operis
880 3632 1006 3707 indole
1029 3644 1066 3706 et
1091 3644 1230 3708 natura
1246 3658 1401 3706 accura-

269 3841 507 3850 ——m--o-—n

319 3943 328 3980 ¹
352 3943 411 4000 Gai
439 3942 537 4000 Grani
563 3941 715 3998 Liciniani
741 3941 895 3996 annalium
924 3942 1179 4011 qnae'snpersnnt
1197 3956 1236 3995 cac
1253 3939 1348 3995 codice
1367 3943 1408 3995 ter

264 4049 371 4122 scripto
389 4051 489 4106 Masei
505 4049 674 4106 Britannici
691 4047 886 4104 Londinensis
904 4063 984 4102 nanc
995 4045 1127 4116 primum
1141 4045 1233 4102 edidit
1246 4049 1317 4104 Kar.
1331 4047 1406 4118 Any.

265 4157 349 4213 Frid.
363 4160 447 4213 Parte
455 4157 528 4228 phil.
543 4159 586 4213 dr.
600 4156 717 4212 Accedit
728 4158 827 4212 tabula
839 4153 983 4226 (Berolini
996 4155 1077 4225 typis
1088 4159 1119 4208 ct
1129 4155 1271 4226 impensis
1284 4153 1407 4224 Georgii

265 4264 387 4320 Reimer
406 4263 637 4334 MDOCOLVII).

226 4451 232 4457 ⁶
319 4374 329 4405 ²
350 4373 447 4430 Grani
463 4372 615 4428 Liciniani
626 4389 700 4444 qnae
712 4373 869 4442 supersunt
881 4369 1082 4426 emendatiora
1094 4369 1185 4425 edidit
1195 4369 1407 4442 philotoqornm

268 4481 469 4539 Bonnensiunz
489 4483 601 4552 Heptas
618 4480 748 4554 (Lipsiae
768 4479 798 4532 in
818 4477 881 4533 aed.
900 4477 1012 4534 Teubn.
1031 4476 1281 4549 MDOOOLVIII).

320 4593 331 4628 ³
353 4590 385 4647 V.
405 4589 482 4661 apud
502 4588 741 4660 Engelmannum
761 4592 791 4642 et
811 4587 921 4658 passim
940 4587 971 4642 in
990 4586 1205 4642 commentario
1224 4603 1298 4645 mee.
