3658 5424
911 470 1057 529 ..48-

471 605 504 659 B.
523 604 650 676 amplius
661 605 720 660 XX
727 602 840 660 Venilia
852 633 885 644 -
897 600 1056 676 aestuant]
1066 601 1156 657 aliter
1166 600 1298 670 Orosius,
1310 602 1361 672 qui
1371 601 1402 675 (l.
1413 601 1464 673 m.)
1474 619 1561 658 accu-

417 700 483 750 rate
493 693 566 749 dicit
579 699 651 765 quot
664 692 866 748 Asiaticorum
879 693 911 746 in
924 690 1122 747 Orchomenio
1131 689 1244 762 proelio
1263 692 1422 762 perierint:
1435 692 1562 746 secundo

412 782 521 855 proelio
539 783 570 856 (i.
583 780 748 838 caecando
768 781 864 836 totius
883 780 963 848 belli,
982 781 1082 852 priore
1101 778 1180 852 apud
1199 779 1417 835 Orchomenum
1437 779 1561 852 proelio)

415 871 582 944 quindecim
595 870 677 927 milia
688 887 725 927 eac
738 869 783 927 itis
801 869 953 940 interfecta
971 872 1041 925 sunt
1058 870 1134 941 (ipse
1147 868 1271 924 Orosius
1286 868 1381 923 tradit
1396 868 1562 940 Dorylaum

405 961 504 1015 'LXX
516 961 564 1017 vel
583 959 700 1015 LXXX
714 959 797 1014 milia
816 959 969 1014 hominum
989 960 1020 1013 in
1033 957 1191 1012 Graeciam
1205 957 1326 1014 duxisse
1338 963 1369 1012 et
1382 957 1562 1013 Archelaum

418 1055 574 1120 praeterea
584 1049 614 1103 X
623 1049 707 1103 milia
719 1048 874 1102 hominum
885 1047 1054 1119 collegisse)
1066 1089 1072 1104 .
1083 1086 1089 1101 .
1102 1089 1107 1104 .
1120 1047 1201 1102 tertio
1211 1049 1281 1102 bello
1291 1049 1323 1118 (i.
1335 1065 1358 1101 e.
1370 1047 1482 1118 proelio
1493 1049 1563 1102 alte·

418 1156 452 1193 ro
462 1137 540 1210 apud
550 1138 780 1208 Orchomenum)
790 1153 891 1192 omnes
901 1137 1010 1207 copiae,
1021 1153 1096 1208 qaas
1107 1139 1264 1192 Archelaus
1273 1139 1394 1192 habebat
1406 1137 1564 1192 restinctae

418 1231 496 1283 suni.
509 1227 704 1298 Narnvipiatr'
716 1227 798 1282 milia
819 1226 946 1281 utilitum
965 1226 1029 1282 eiras
1047 1226 1079 1281 ia
1095 1225 1236 1297 paludem
1245 1229 1333 1297 patra
1344 1265 1350 1280 .
1362 1264 1367 1280 .
1380 1266 1387 1279 .
1398 1226 1564 1296 .r'nterfecta

418 1319 496 1384 suat,
508 1317 681 1388 totidemque
691 1316 751 1370 alia
762 1315 791 1371 irr
805 1317 916 1386 flumen
925 1319 1024 1370 coacta
1037 1319 1063 1370 et
1081 1319 1192 1382 necata,
1203 1315 1311 1386 reliqui
1320 1315 1480 1370 miserrime
1492 1332 1564 1386 pas-

418 1406 474 1462 sim
485 1406 625 1462 trucidati
636 1409 714 1460 sunt.
726 1405 843 1460 Verane
862 1406 925 1460 sint
943 1421 1036 1460 necne
1056 1421 1133 1475 qnae
1153 1404 1276 1460 Orosius
1296 1406 1446 1458 narratio
1466 1404 1564 1459 medio

420 1495 574 1566 relinquo:
593 1513 653 1550 non
672 1493 894 1550 adfirmaverim
914 1499 1015 1548 tamen
1034 1494 1107 1548 haec
1123 1511 1160 1548 ex
1180 1493 1268 1548 Livio
1285 1492 1418 1548 fluxisse.
1441 1524 1474 1534 —
1493 1492 1567 1564 repir‘

420 1583 601 1658 dilabuntur]
620 1583 650 1638 id
677 1583 798 1638 aliunde
816 1600 875 1638 non
906 1585 1118 1655 cognovimus;
1139 1589 1272 1636 attamen
1292 1580 1480 1636 referendum
1500 1599 1565 1636 esse

420 1674 540 1730 videtur
559 1674 597 1729 ad
616 1692 651 1729 ea
670 1691 745 1745 quae
764 1680 851 1746 gesta
870 1679 941 1728 sunt
960 1675 991 1728 in
1011 1672 1138 1727 Thracia
1159 1691 1176 1726 a
1204 1672 1324 1728 consule
1352 1672 1467 1740 Flacco,
1487 1689 1566 1726 anno

420 1783 449 1819 u.
470 1765 524 1819 666
542 1769 670 1820 exeunte
689 1765 729 1835 (v.
748 1763 891 1818 Reinach.
911 1780 937 1818 o.
957 1759 995 1820 m'.
1014 1781 1041 1834 p.
1062 1763 1201 1834 tel-192),
1221 1767 1311 1833 atque
1330 1762 1458 1817 fortasse
1472 1763 1503 1815 in
1520 1762 1566 1816 Li·

421 1855 532 1908 ciniani
550 1853 633 1908 fonte
654 1858 721 1924 post
740 1851 972 1907 Orchomenium
991 1851 1137 1923 proelium
1156 1851 1253 1906 locum
1274 1851 1459 1906 obtinebant.
1483 1849 1567 1922 Inep·

422 1949 486 1997 tum
506 1941 752 2009 additamentum,
771 1947 806 1995 ut
825 1947 907 1996 recte
927 1941 1053 1996 Franck.
1072 1941 1111 2012 (p.
1130 1941 1195 2012 257)
1215 1940 1369 2008 iudicavit,
1384 1941 1414 1994 in
1434 1957 1566 1994 errorem

422 2032 540 2086 induxit
559 2031 777 2087 Mommsenum
795 2032 832 2102 (o.
852 2049 892 2086 m.
911 2030 951 2098 II,
971 2049 998 2102 p.
1017 2031 1089 2102 295),
1114 2033 1164 2100 qui
1196 2032 1323 2085 victoria
1354 2029 1432 2100 apud
1461 2029 1567 2084 Orcho·

421 2138 541 2175 menum
562 2125 647 2191 parta
666 2120 696 2173 id
724 2137 840 2190 quoque
860 2117 999 2174 effectum
1028 2135 1093 2174 esse
1113 2119 1276 2188 scripserit,
1296 2125 1330 2170 ut
1350 2125 1380 2171 et
1401 2118 1531 2189 Philippi
1551 2136 1568 2171 a

421 2210 566 2266 Romanis
586 2215 803 2281 occuparentur
822 2215 852 2262 et
871 2208 991 2262 Abdera
1013 2226 1031 2262 a
1050 2210 1142 2279 regiis
1162 2225 1256 2261 vacua
1275 2206 1374 2262 fieret.
1404 2238 1435 2248 -
1455 2205 1568 2279 Aulide]

422 2298 602 2352 Plutarchus
620 2299 706 2369 (Sall.
725 2298 772 2368 22)
785 2296 879 2350 tradit
898 2296 997 2350 Sullae
1013 2303 1044 2351 et
1058 2295 1205 2350 Archelao
1218 2295 1397 2366 colloquium
1412 2295 1488 2350 Delii
1501 2295 1569 2350 suis·

423 2404 455 2441 se
473 2387 526 2457 (ἐπὶ
544 2385 667 2458 θαλάττῃ
689 2387 821 2458 συνῆλθον
841 2389 894 2458 περὶ
913 2384 1014 2458 Δήλιον
1035 2378 1064 2437 οὗ
1090 2387 1118 2436 r'a
1138 2385 1205 2458 'isphr
1224 2393 1268 2438 rod
1288 2384 1463 2448 Ἀπόλλωνός
1483 2385 1568 2454 ἐστιν).

428 2476 457 2530 Si
476 2475 674 2530 Reinachium
692 2477 731 2546 (p.
750 2476 804 2529 205
823 2473 890 2528 adn.
909 2476 940 2546 2)
958 2473 1126 2545 probamus
1146 2476 1197 2544 qui
1216 2476 1326 2530 statuit
1346 2491 1448 2529 mense
1467 2474 1569 2530 sextili

423 2567 494 2620 anni
513 2567 565 2618 669
584 2563 717 2618 Dardani
737 2563 945 2618 Mithridatem
964 2563 1076 2617 Sullam
1096 2565 1280 2631 convenisse,
1300 2563 1442 2618 heccum
1462 2564 1569 2618 Arche-

428 2655 477 2709 lao
496 2655 676 2725 colloquium
696 2655 800 2726 primis
819 2653 951 2708 eiusdem
971 2654 1042 2708 anni
1062 2653 1214 2709 mensibus
1233 2653 1375 2710 accidisse
1390 2653 1568 2710 censendum

425 2749 473 2799 est
484 2744 532 2814 (cf.
543 2743 669 2798 Momm.
680 2761 706 2798 o.
718 2761 755 2811 m,
767 2742 806 2810 ll,
818 2761 844 2813 p.
855 2743 958 2814 299).-
974 2743 1080 2814 quihus
1091 2775 1124 2782 -
1132 2741 1245 2816 paruit]
1256 2743 1319 2798 loco
1329 2761 1387 2797 non
1399 2743 1505 2798 idoneo
1516 2742 1570 2798 hoc

424 2833 537 2888 dictum
548 2841 602 2887 est.
610 2831 803 2886 Mithridates
814 2833 892 2885 enirn
905 2832 1002 2886 solum
1013 2831 1129 2902 aliquot
1140 2833 1291 2888 mensibus
1302 2839 1369 2904 post
1380 2833 1416 2887 ab
1424 2831 1570 2888 Archelao

424 2923 571 2980 adductus
582 2929 629 2978 est
641 2927 678 2976 ut
691 2922 881 2976 condiciones
892 2924 972 2992 pacis
983 2940 1000 2976 a
1010 2921 1091 2976 Sulla
1103 2925 1270 2994 propositas
1280 2926 1437 2995 acciperet.
1450 2953 1483 2964 —
1494 2923 1570 2978 Fim-

424 3014 504 3070 briae
523 3045 556 3054 —
576 3011 701 3086 timebat]
713 3011 855 3077 Fimbria,
870 3011 977 3066 Flacco
990 3011 1157 3082 interfecto,
1173 3019 1310 3084 praeerat
1324 3015 1469 3068 exercitui
1483 3030 1571 3084 quem

425 3104 559 3171 Cinnani,
578 3119 611 3158 re
631 3102 748 3174 publica
766 3103 864 3173 potiti,
884 3103 1009 3172 imperio
1029 3100 1128 3156 Sullae
1148 3102 1301 3174 abrogato,
1325 3103 1362 3157 ad
1382 3103 1492 3158 bellum
1516 3103 1574 3157 Mi-

422 3193 616 3248 thridaticum
635 3194 788 3248 miserant.
799 3193 838 3260 le,
849 3210 883 3246 eo
899 3199 1030 3263 tempore
1045 3211 1103 3263 quo
1117 3191 1198 3246 Sulla
1210 3193 1391 3248 Archelaum
1406 3194 1483 3249 Delii
1503 3211 1568 3248 con·

426 3285 517 3352 venit,
537 3285 568 3337 in
587 3284 659 3337 Asia
676 3290 749 3350 erat,
770 3283 820 3337 ubi
839 3282 917 3353 apud
931 3282 1132 3353 Miletopolim
1147 3282 1354 3338 Mithridatem
1370 3285 1515 3338 minorem
1528 3285 1571 3336 fu·

424 3373 510 3428 derat
529 3379 619 3444 atque
638 3372 804 3444 fugaverat.
817 3404 849 3413 -
859 3376 892 3426 ut
907 3389 976 3428 mox
990 3372 1092 3427 ordine
1108 3371 1253 3446 irzdicabo]
1264 3373 1388 3428 Videtur
1399 3374 1572 3429 Licinianus

423 3481 544 3519 monere
553 3464 684 3518 voluisse
701 3463 844 3518 lectorem
858 3479 890 3516 se
905 3462 1004 3516 Flacci
1025 3467 1055 3516 et
1074 3461 1226 3516 Fimbriae
1246 3463 1465 3534 expeditionem
1479 3465 1573 3536 proxi·

425 3555 481 3609 mis
491 3555 609 3625 paginis
619 3558 811 3607 narraturum
823 3568 896 3617 esse,
913 3550 991 3622 quod
1007 3567 1039 3605 re
1052 3568 1124 3606 vera
1135 3551 1247 3606 oblitus
1259 3559 1305 3607 est
1314 3552 1423 3608 iacere.
1433 3553 1571 3608 Oeterum

427 3661 456 3699 v.
469 3644 534 3700 Bia.
544 3644 578 3698 di
586 3643 644 3698 Fit.
657 3642 675 3695 l.
686 3659 723 3695 m.
734 3659 761 3713 p.
772 3642 825 3695 281
836 3641 902 3696 adn.
916 3673 948 3682 —
960 3644 986 3696 et
996 3641 1115 3697 timebat
1125 3672 1156 3682 -
1165 3645 1192 3696 et
1196 3642 1397 3717 praedicarat]
1408 3643 1490 3698 Sulla
1502 3661 1574 3715 pree·

425 3733 543 3787 dicabat
562 3749 602 3800 se,
622 3737 708 3803 parta
728 3733 862 3798 victoria,
877 3731 1065 3786 condiciones
1079 3733 1160 3802 pacis
1174 3749 1232 3786 non
1248 3734 1417 3803 positurum
1430 3749 1496 3788 esse
1508 3751 1573 3805 gra·

427 3824 526 3879 viores
545 3824 588 3878 eis
599 3839 672 3893 quas
684 3827 755 3877 ante
773 3822 932 3877 victoriam
953 3823 1157 3892 proposuisset
1170 3822 1209 3893 (v.
1223 3822 1343 3880 Momm.
1354 3821 1395 3892 II,
1409 3841 1436 3894 p.
1446 3823 1520 3894 229).
1542 3853 1573 3866 --

425 3914 583 3968 Archelaus
609 3915 728 3968 classem
756 3911 890 3986 traderet]
918 3912 1000 3966 Sulla
1029 3912 1203 3984 postulabat
1222 3918 1256 3966 ut
1275 3931 1293 3967 a
1320 3913 1497 3968 Mithridate
1517 3913 1574 3969 sihi

428 4002 618 4058 traderentur
637 4001 723 4056 LXX
742 4002 811 4057 illae
830 4019 923 4058 naves
943 4002 1049 4072 quihus
1069 4002 1235 4058 Archelaus
1255 4009 1408 4074 praeesset
1438 4004 1478 4075 (v.
1506 4007 1572 4060 Per.

428 4093 493 4149 Liv.
512 4094 555 4162 82,
575 4091 646 4147 Sall.
664 4093 699 4147 fr.
716 4092 766 4161 IV,
785 4094 849 4163 2Ο);
870 4099 1026 4164 praeterea
1045 4098 1080 4146 ut
1099 4092 1187 4148 classi
1202 4093 1405 4148 Romanorum
1425 4095 1574 4149 sociorum

429 4189 528 4238 certus
542 4185 664 4239 navium
679 4200 821 4237 numerus
835 4183 933 4254 (LXX
945 4183 971 4236 si
985 4184 1120 4253 proxima
1140 4185 1249 4254 pagina
1262 4185 1343 4237 recte
1359 4185 1480 4255 scripsit
1499 4183 1574 4237 Lici·

428 4275 549 4344 nianus)
560 4275 776 4328 instructarum
790 4273 1005 4344 adiungeretur
1019 4273 1059 4343 (v.
1073 4271 1193 4327 Momm.
1204 4273 1223 4328 l.
1237 4274 1295 4346 ω.)
1311 4276 1384 4328 Cum
1395 4273 1574 4330 Plutarchus

431 4364 516 4434 (siau
535 4365 582 4433 22)
601 4362 808 4417 tantummodo
827 4379 921 4418 naves
935 4361 1020 4415 LXX
1040 4361 1169 4417 traditas
1188 4380 1253 4418 esse
1273 4369 1412 4433 testetur,
1432 4365 1573 4419 Memnon

430 4455 488 4526 (92)
507 4454 640 4517 LXXX,
662 4453 756 4507 multa
775 4453 811 4507 de
831 4453 893 4521 hac,
913 4471 1003 4524 quam
1032 4455 1127 4524 primo
1147 4454 1211 4509 loco
1234 4455 1409 4510 Licinianus
1430 4453 1519 4510 affert
1538 4473 1575 4510 ex

431 4545 652 4600 condicionibus
672 4546 760 4615 pacis,
774 4544 854 4599 docti
869 4547 927 4600 viri
941 4545 1188 4617 disputaverunt;
1208 4544 1260 4601 scd
1282 4563 1307 4605 v.
1327 4545 1470 4601 Reinach.
1489 4547 1520 4618 (l.
1535 4564 1572 4601 m.

432 4653 458 4708 p.
480 4637 530 4690 196
549 4639 580 4691 et
600 4635 671 4707 197).
