3658 5424
666 431 668 436 ⁵
762 481 923 544 -23-

320 615 356 669 A.
375 613 441 670 Hoc
460 618 491 669 et
510 631 570 686 seq.
590 614 661 670 folio
680 615 824 670 nonnulla
843 618 1008 671 narrantur
1028 632 1065 672 ex
1085 617 1121 672 iis
1141 633 1217 688 quae
1235 615 1319 674 bello
1338 617 1414 674 eim·

268 704 349 760 brieo
367 705 447 760 saeta
466 709 538 760 sunt
552 723 630 760 anno
644 723 671 760 u.
685 705 746 765 649.
760 737 793 748 -
807 705 958 762 Aurelium
972 705 1129 781 Scaurum]
1143 707 1246 764 consul
1260 725 1339 764 anno
1351 708 1414 762 646.

269 794 300 850 Is
319 811 398 850 anno
417 794 478 860 649,
498 794 629 851 consulis
648 794 743 850 Mallii
762 795 887 850 Maximi
905 796 1033 868 legatus,
1054 815 1121 852 cum
1141 798 1172 852 in
1190 799 1315 854 sinistra
1334 795 1414 853 Rho-

269 883 339 938 dani
357 885 431 956 ripa,
450 883 539 954 paulo
557 883 636 940 infra
651 885 859 952 Arausionem,
873 885 923 940 ubi
937 885 1058 942 Mallius
1072 888 1135 959 ipse
1149 892 1250 943 castra
1263 892 1413 960 posuerat,

268 974 347 1046 parti
366 976 517 1030 exercitus
536 980 696 1047 praeesset,
717 977 831 1047 primus
849 993 917 1030 eum
937 975 1064 1032 Cimbris
1082 977 1228 1049 proelium
1248 979 1412 1046 commisit3

269 1062 329 1131 sed,
347 1063 414 1119 fuso
432 1065 575 1133 exercitu,
595 1071 700 1136 eaptus
719 1069 766 1121 est
785 1070 815 1120 et
834 1067 866 1120 in
885 1069 985 1121 castra
1004 1065 1136 1121 hostium
1156 1065 1272 1122 duetus.
1287 1098 1319 1110 -
1340 1083 1414 1139 equo

268 1152 418 1227 deiectum]
436 1153 465 1208 id
485 1172 503 1209 a
522 1154 585 1210 solo
603 1155 760 1211 Liciniano
779 1155 931 1211 babemus.
953 1185 984 1198 —
1011 1160 1130 1212 uocatus
1148 1156 1180 1212 iu
1199 1155 1353 1213 concilium
1377 1187 1410 1200 -

269 1247 322 1300 aut
338 1243 426 1317 emec]
439 1244 475 1299 cf.
495 1245 561 1302 Liv.
576 1245 643 1301 Per.
657 1245 786 1302 LXVII:
804 1249 848 1303 M.
862 1247 1000 1302 Aurelius
1013 1248 1146 1304 Scaurus
1158 1249 1273 1321 legatus
1285 1248 1415 1305 consulis

270 1349 289 1387 a
310 1332 434 1390 Cimbris
450 1333 519 1403 fuso
538 1334 665 1391 eaeueltu
684 1339 788 1406 eaptus
807 1339 855 1405 est,
877 1339 903 1392 et
921 1353 987 1392 eum
1006 1336 1039 1392 iu
1068 1337 1222 1393 concilium
1248 1340 1285 1393 ub
1304 1337 1344 1394 eis
1364 1338 1414 1392 ad·

269 1425 387 1478 uocatus
413 1425 566 1480 deterreret
584 1441 630 1480 eos
656 1441 693 1480 ue
710 1427 797 1496 Alpes
817 1425 978 1481 transirent
1002 1426 1121 1482 ltaliam
1137 1425 1266 1498 petituri,
1286 1443 1318 1482 eo
1335 1428 1415 1498 qued

268 1511 376 1567 diceret
393 1512 543 1568 Romanos
556 1513 636 1570 eluci
647 1531 706 1570 neu
721 1531 814 1585 posse,
827 1532 846 1570 a
860 1515 994 1586 Boioriqe
1011 1515 1104 1584 feroci
1121 1515 1223 1572 iuuene
1241 1516 1352 1572 occasus
1364 1519 1413 1574 est.

269 1600 312 1656 De
331 1606 428 1657 morte
448 1601 550 1658 Scauri
565 1621 594 1660 v.
611 1599 701 1659 etiam
716 1604 790 1660 Vell.
806 1604 872 1659 Pat.
889 1604 930 1671 II,
945 1605 987 1674 12,
1002 1606 1032 1676 2;
1047 1605 1141 1660 Tacit.
1157 1606 1313 1674 Germ.37;
1328 1605 1414 1662 Dion.

270 1690 351 1746 Cass.
372 1690 408 1746 fr.
424 1691 460 1747 89
478 1692 603 1765 (Melb.);
634 1693 735 1760 Quint.
754 1697 832 1750 Deel.
851 1693 909 1762 III,
930 1695 977 1764 135
997 1694 1081 1750 Oros.
1100 1695 1134 1763 V,
1158 1695 1200 1761 16,
1219 1696 1245 1764 2,
1269 1696 1320 1766 qui
1337 1695 1414 1752 falso

270 1798 349 1836 anno
367 1781 420 1836 642
447 1781 602 1852 proelium,
621 1801 680 1854 quo
699 1783 828 1840 Scaurus
847 1789 952 1856 eaptus
971 1788 1026 1853 est,
1046 1784 1159 1839 factum
1179 1801 1244 1840 esse
1257 1784 1338 1853 dicit,
1358 1783 1414 1839 du-

270 1887 392 1942 cemque
410 1871 615 1928 Romanorum
634 1873 674 1928 M.
692 1874 855 1929 Aemilium
874 1875 1014 1947 appellat.
1034 1906 1069 1916 -
1087 1891 1138 1930 reea
1156 1874 1230 1946 ipsis
1249 1874 1416 1946 petentibus

268 1960 380 2035 ducem]
399 1961 429 2016 id
447 1980 564 2034 quoque
583 1981 637 2020 nos
656 1963 743 2020 docet
762 1965 843 2020 solus
862 1965 1044 2021 Licinianus.
1059 1995 1092 2007 -
1107 1981 1137 2022 se
1150 1967 1263 2021 tradere
1274 1964 1416 2021 sustinuit

270 2052 442 2107 uerecundia
455 2056 489 2108 ut
498 2083 531 2095 -
545 2052 625 2127 esset]
635 2053 826 2121 Schmidtius,
838 2072 892 2110 sua
906 2057 1079 2111 coniectura
1089 2057 1243 2127 proposita
1252 2056 1292 2125 (v.
1304 2055 1414 2128 supra),

270 2141 452 2210 uerecundia,
462 2143 568 2214 inquit,
578 2143 732 2199 deterritus
744 2148 807 2200 erat
822 2161 881 2200 uon
895 2145 1053 2216 quominus
1064 2162 1213 2201 sumerum
1225 2147 1415 2201 barbarorum

269 2229 426 2301 imperium
444 2230 592 2302 acciperet,
611 2234 662 2288 sed
680 2233 839 2304 quominus
859 2250 954 2290 necem
973 2235 1127 2306 effuqeret:
1144 2234 1289 2290 isseite’cet
1302 2235 1417 2289 uolebat

270 2319 411 2376 aaudiat
426 2335 479 2376 suo
497 2320 649 2392 interfecto
675 2339 831 2393 superesse.
860 2318 955 2388 Quam
983 2324 1266 2394 interpretationem
1294 2323 1415 2378 omnino
1503 2335 1505 2338 ·

270 2407 450 2464 reiciendam
469 2426 583 2479 censeo,
598 2428 664 2466 eum
677 2427 773 2482 neque
786 2411 882 2466 ullum
894 2411 1009 2480 ducem,
1025 2414 1075 2483 qui
1089 2411 1218 2467 officium
1231 2429 1318 2468 suum
1333 2428 1416 2483 prae·

272 2499 394 2565 stiterit,
412 2517 544 2571 unquam
562 2499 673 2572 pudeat
692 2501 852 2558 interfecto
870 2503 1024 2571 exercitui,
1043 2503 1069 2558 si
1088 2501 1150 2558 fors
1170 2501 1286 2570 tulerit,
1314 2518 1415 2572 super·

272 2589 374 2644 etitem
394 2605 467 2658 esse,
487 2606 582 2661 neque
601 2589 712 2646 Scauro
731 2591 809 2663 quod
829 2591 988 2648 consilium
1009 2591 1191 2647 Schmidtius
1206 2593 1233 2646 ei
1252 2590 1368 2656 tribuit,
1382 2609 1416 2646 re

272 2695 344 2734 vera
356 2679 448 2736 fuisse
461 2679 611 2750 videatur3
626 2699 694 2737 nam
709 2683 817 2753 quovis
827 2681 915 2737 modo
925 2687 1053 2738 mortem
1067 2683 1167 2754 potius
1186 2682 1313 2754 petisset
1325 2699 1415 2752 quam

272 2768 361 2824 vivus
378 2769 410 2823 in
429 2786 535 2825 manus
554 2769 686 2826 hostium
705 2773 832 2839 veniret,
852 2789 919 2826 oum
939 2770 1096 2842 providere
1115 2788 1176 2826 non
1195 2775 1297 2843 posset
1315 2788 1333 2825 a
1351 2770 1416 2826 bar·

272 2855 352 2912 baris
370 2859 528 2930 repentina
546 2859 592 2914 ira
611 2861 767 2916 commotis
786 2860 850 2915 fora
870 2865 904 2914 ut
928 2866 1096 2916 necaretur.
1126 2858 1210 2926 Quod
1235 2858 1417 2916 verecundia

272 2946 323 3002 ille
341 2965 401 3002 non
420 2949 574 3016 sustinuit,
594 2966 661 3004 mea
680 2951 833 3004 sententia
853 2949 909 3004 hoc
927 2949 993 3014 fuit,
1013 2955 1047 3004 ut
1062 2951 1307 3006 vitamservaret
1321 2950 1417 3020 pretio

270 3035 422 3092 dedecoris
441 3037 471 3091 in
500 3036 579 3107 quod
606 3037 762 3093 incidisset
790 3040 815 3094 si
845 3037 906 3092 dux
925 3038 1057 3094 hostium
1077 3043 1182 3093 contra
1201 3039 1330 3110 patriam
1349 3036 1416 3092 fieri

272 3126 610 3196 passusesset.1talice
630 3129 709 3185 verti
730 3133 847 3199 potest:
876 3130 941 3183 ebbe
968 3145 1112 3200 aereoque
1133 3127 1167 3184 di
1182 3126 1262 3198 farsi
1283 3130 1326 3183 lor
1344 3129 1417 3182 duee

269 3232 433 3286 perurere,
452 3217 528 3286 dopo
544 3219 670 3288 perdicto
688 3218 710 3273 il
728 3234 781 3273 suo
799 3218 925 3286 esereito,
944 3221 1027 3273 sulae
1045 3221 1075 3273 la
1093 3218 1162 3274 cita.
1177 3249 1210 3259 -
1232 3217 1337 3274 litteris
1349 3233 1418 3288 sup·

269 3303 404 3378 plicibus]
431 3305 605 3362 Licinianus
625 3324 689 3362 rem
708 3307 809 3363 verbis
828 3311 928 3378 auget,
947 3313 982 3361 ut
1003 3313 1085 3362 recte
1105 3307 1182 3363 vidit
1201 3307 1368 3363 Francken.
1386 3305 1418 3378 (l.

272 3411 311 3448 m.
329 3411 357 3464 p.
375 3394 449 3466 252).
467 3394 524 3449 Dio
543 3394 623 3450 Cass.
643 3396 689 3466 (tr.
708 3397 767 3466 m),
796 3397 847 3467 qui
876 3395 958 3452 solus
977 3397 1053 3452 satis
1081 3397 1199 3468 copiose
1227 3397 1351 3467 exponit
1370 3412 1419 3450 res

272 3482 350 3537 bello
368 3481 515 3539 Cimbrico
528 3490 630 3555 gestas
641 3491 711 3540 ante
722 3486 879 3556 imperium
890 3485 986 3540 Mario
997 3485 1140 3553 delatum,
1153 3485 1276 3556 agitque
1287 3501 1418 3556 praeser-

272 3572 327 3624 tim
346 3570 382 3626 de
400 3573 452 3628 illa
464 3573 545 3629 inter
560 3574 696 3628 Mallium
708 3580 739 3629 et
752 3574 929 3646 Caepionem
945 3574 1099 3630 simultate
1112 3575 1252 3646 (quorum
1266 3572 1302 3628 de
1316 3572 1418 3628 indole

270 3660 462 3732 moribusque
475 3680 503 3718 v.
522 3661 642 3719 Momm.
662 3681 687 3718 0.
713 3681 751 3718 m.
770 3663 810 3731 II,
831 3682 857 3734 p.
879 3663 949 3735 177),
970 3662 1182 3718 dieit'tantum
1202 3666 1244 3717 τὸν
1265 3661 1417 3736 Σερουίλιον

271 3754 458 3825 μετεπέμψατο.
469 3785 502 3794 -
517 3753 645 3810 accersitu
663 3753 826 3824 ampliato:
845 3772 872 3809 v.
892 3753 919 3807 d.
939 3771 968 3808 n.
989 3755 1019 3807 in
1032 3753 1098 3809 leia.
1114 3753 1148 3808 di
1164 3753 1216 3808 eu.
1231 3752 1249 3808 1.
1261 3769 1290 3806 m
1319 3770 1346 3824 p.
1365 3750 1419 3806 274

271 3840 338 3896 adn.
360 3873 392 3882 -
414 3840 515 3915 Gallie]
533 3844 552 3898 i.
572 3860 596 3898 e.
619 3843 736 3911 Cimbri,
756 3861 936 3914 quamquam
956 3845 1047 3897 etiam
1062 3843 1182 3913 agmina
1197 3841 1353 3898 Gallorum
1372 3841 1419 3914 (ut

272 3930 477 3986 Amburonum
497 3931 721 4003 Tigurinorum)
741 3932 802 3988 illis
821 3949 853 3988 se
881 3933 1108 3986 coniunxerant.
1128 3931 1172 3986 De
1191 3931 1247 3986 hoc
1266 3948 1367 3989 errore
1387 3932 1417 3984 in

272 4037 360 4090 quem
379 4022 470 4076 etiam
490 4021 540 4076 alii
560 4023 722 4092 scriptores
736 4021 807 4094 (Oia.
823 4015 858 4078 de
874 4039 957 4093 prou.
975 4039 1051 4077 coris.
1066 4021 1108 4089 13,
1124 4021 1171 4090 323
1186 4020 1256 4076 Sall.
1271 4024 1335 4092 qu.
1355 4021 1418 4092 114)

272 4111 387 4166 inducti
412 4117 492 4181 sunt,
521 4130 550 4170 v.
578 4119 697 4183 praeter
725 4112 860 4169 Sallustii
889 4115 1071 4183 interpretes
1100 4110 1158 4183 (ad.
1189 4110 1208 4165 l.
1238 4111 1297 4182 m),
1322 4109 1419 4181 Pauly

271 4203 307 4256 R.
332 4200 380 4256 E?
405 4200 436 4255 II
463 4220 489 4272 p.
514 4202 593 4258 2551.
619 4234 653 4243 -
679 4201 834 4273 impetrare
855 4220 915 4258 uon
939 4201 1046 4275 potuit}
1068 4201 1176 4273 Caepio
1204 4200 1358 4272 respondit
1377 4218 1418 4256 se·

272 4289 401 4344 cundum
424 4289 546 4345 Dionem
565 4294 613 4364 τὴν
632 4293 725 4346 ἑαυτοῦ
745 4294 866 4365 ἑκάτερον
891 4293 944 4346 δεῖν
963 4292 1100 4364 φυλάττειν
1118 4293 1137 4345 i.
1156 4308 1182 4346 θ.
1203 4294 1322 4361 retorque
1344 4306 1420 4362 quae

272 4377 305 4433 e'u
326 4394 382 4433 suu
402 4378 556 4448 provincia
574 4382 645 4435 esset
667 4379 765 4450 ripam
787 4381 927 4436 Rhodani
949 4383 1083 4448 tueretur,
1103 4397 1181 4446 nam,
1202 4384 1236 4434 ut
1252 4377 1331 4450 apud
1349 4377 1419 4434 Oro·

272 4468 352 4525 sium
377 4467 424 4541 (V,
453 4469 494 4540 16,
521 4468 551 4542 2)
579 4473 637 4538 est,
661 4469 831 4542 provincius
855 4470 913 4528 sibi
935 4472 1078 4528 Rbodareo
1097 4469 1221 4542 flumine
1237 4467 1332 4528 medio
1349 4467 1419 4528 uivi-
