3658 5424
760 472 914 534 „15-

269 606 385 662 coronis
412 607 621 661 auctoritatem
650 605 747 661 secuti
774 604 806 662 B.
826 604 1026 674 restituerint,
1046 603 1133 661 valde
1157 603 1279 662 dubium
1296 610 1355 662 est:
1378 604 1408 660 hi

269 695 347 750 enim
358 693 500 750 videntur
521 692 632 748 litteris
651 691 762 748 codicis
780 694 903 749 minime
913 694 986 761 nixi,
1005 694 1036 748 in
1050 692 1225 764 explicando
1244 692 1408 765 Sempronii

268 783 395 839 Gracchi
408 781 547 855 augurali
561 799 670 850 errore,
685 781 875 838 Licinianum
889 801 907 838 a
920 781 1062 838 Cicerone
1073 782 1292 854 discrepantem
1303 783 1408 840 fecisse

268 873 309 943 (v.
325 872 561 928 Sohoemannum
574 873 605 927 in
619 871 686 928 adn.
699 871 829 928 adhunc
843 873 935 928 (liter.
951 873 1048 928 locum
1060 874 1096 929 de
1107 875 1169 928 nat.
1183 875 1269 928 Dour.
1282 872 1409 929 Weidm.

268 963 390 1032 Berol.);
405 963 455 1034 qui
466 979 558 1031 error,
570 961 667 1033 qualis
677 961 776 1032 fuerit,
788 981 825 1018 ne
836 981 854 1017 a
865 963 1028 1018 Plutarcho
1042 961 1161 1034 quidem
1171 962 1316 1036 (Marcell.
1329 963 1348 1020 l.
1361 969 1410 1032 m.)

269 1053 344 1108 satis
353 1058 492 1108 accurate
502 1051 653 1107 definitur.
664 1083 698 1094 -
708 1055 865 1124 aupuralas
875 1051 975 1128 libros]
984 1052 1052 1107 libri
1063 1052 1224 1124 augurales
1233 1054 1333 1133 omnia
1339 1071 1411 1124 prae·

269 1147 355 1214 copta
374 1147 405 1197 et
422 1141 566 1197 formulas
585 1141 622 1196 ad
641 1141 857 1213 auspicandum
876 1143 1045 1198 necessaria
1067 1143 1251 1197 continuisse
1270 1141 1412 1198 videntur

222 1263 225 1267 ⁴
269 1249 336 1286 cum
355 1230 603 1304 explicationibus
622 1231 1074 1303 interpretationibusque‚quas
1093 1231 1174 1287 docti
1193 1233 1251 1287 viri
1265 1249 1302 1288 ex
1321 1249 1411 1304 augu-

268 1339 335 1378 rum
354 1321 479 1393 collegio
497 1320 534 1375 ab
553 1322 772 1392 antiquissimis
791 1321 976 1394 temporibus
996 1321 1135 1394 deinceps
1148 1320 1334 1377 addiderant.
1356 1325 1411 1394 Ap

267 1411 457 1484 pellebantur
475 1413 567 1467 etiam
588 1410 796 1469 commentarii
821 1428 978 1483 aequarum,
1002 1411 1051 1468 vel
1079 1414 1126 1483 (ut
1153 1411 1310 1484 pontificii)
1336 1412 1410 1480 libri,

267 1501 381 1556 Graece
400 1506 500 1556 autem
519 1503 631 1574 μαντικὰ
649 1502 825 1574 ὑπομνήματα
846 1498 895 1555 vel
914 1501 1030 1573 tepuerat
1049 1503 1139 1574 ὑπομν.
1161 1502 1216 1574 (sit
1234 1499 1411 1556 emendatus

268 1596 316 1646 est
334 1589 417 1645 locus
435 1589 515 1647 Plut.
534 1605 621 1660 quem
640 1606 731 1660 supra
750 1589 928 1661 attulimus).
948 1619 981 1630 -
1001 1587 1139 1663 consules]
1156 1591 1174 1644 i.
1194 1606 1219 1644 e.
1248 1591 1279 1644 in
1298 1607 1410 1644 annum

268 1697 297 1736 u.
315 1679 376 1744 592,
394 1685 511 1735 aestate
529 1679 578 1734 vel
591 1684 737 1734 autumno
750 1681 821 1735 anni
834 1680 887 1734 591
901 1684 1027 1745 creatos,
1042 1679 1075 1735 P.
1089 1679 1257 1752 Scipionem
1270 1678 1410 1736 Nasicam

268 1774 300 1825 et
317 1769 348 1824 (l.
366 1768 496 1823 Marium
516 1767 664 1840 Figulum.
684 1799 718 1809 -
737 1768 770 1824 in
787 1767 900 1842 campo]
929 1769 948 1822 i.
967 1785 992 1823 e.
1012 1768 1131 1823 Martio.
1153 1801 1185 1810 -
1213 1769 1247 1824 in
1265 1769 1334 1824 uilla
1351 1769 1412 1826 Sci·

264 1857 374 1932 pionis]
393 1858 422 1912 Si
440 1857 519 1930 apud
538 1858 729 1913 Licinianum
748 1859 792 1914 sio
804 1858 964 1930 legendum
979 1864 1033 1923 est,
1048 1860 1160 1914 maiore
1174 1859 1302 1930 quadam
1315 1865 1413 1914 aucto·

268 1951 360 2005 ritate
379 1947 549 2004 confirmari
567 1947 710 2005 videntur
735 1949 827 2006 verba
844 1952 939 2006 hortos
962 1949 1111 2020 Scipionis
1129 1949 1206 2021 apud
1225 1949 1283 2004 Cic.
1302 1949 1334 2020 (1.
1352 1950 1411 2022 m),

269 2057 344 2111 quae
362 2036 556 2094 Heindorfius
583 2056 643 2093 non
671 2040 821 2094 immerito
850 2039 981 2094 seclusit.
1010 2038 1222 2106 Nihilominus,
1241 2046 1276 2093 ut
1303 2057 1321 2093 a
1340 2039 1411 2094 Mss

269 2129 458 2198 exhibentur,
477 2127 559 2182 nullo
578 2127 666 2183 modo
684 2129 800 2184 servari
820 2135 962 2199 possunt;
983 2129 1087 2184 consul
1107 2131 1186 2183 enim
1205 2129 1354 2200 auspicari
1367 2129 1412 2182 de·

269 2219 358 2274 bebat
377 2220 409 2274 in
428 2235 499 2290 apro
517 2219 603 2288 effato
621 2218 718 2290 (Varr.
738 2219 806 2290 linq.
826 2220 843 2273 l.
862 2217 917 2286 IV;
937 2217 1021 2273 Serv.
1041 2218 1079 2272 ad
1104 2221 1165 2276 Ver.
1182 2221 1252 2274 Aac.
1272 2218 1321 2285 VI,
1342 2219 1411 2287 197),

269 2309 321 2380 qui
339 2325 456 2379 semper
475 2307 608 2363 incultus
627 2307 861 2378 relinquebatur,
874 2310 918 2362 ita
936 2315 971 2362 ut
995 2325 1110 2380 «prope
1128 2311 1222 2364 tortos
1235 2307 1407 2378 Scipionis»

270 2397 319 2453 vel
332 2413 348 2454 ‹
359 2400 440 2454 baud
450 2400 554 2469 procul
567 2400 604 2454 ab
616 2420 628 2447 2
646 2399 767 2452 omnino
782 2397 941 2469 legendum
954 2401 1003 2454 sit.
1018 2429 1051 2440 -
1065 2397 1292 2472 tabernaculum]
1311 2398 1413 2452 Schoe-

270 2505 398 2543 mannus
416 2487 447 2559 (1.
466 2488 530 2560 m.):
547 2491 581 2542 ut
600 2486 788 2558 magistratus
806 2487 860 2558 qui
877 2488 1002 2544 comitiis
1017 2488 1213 2558 praefuturus
1235 2491 1297 2543 erat
1315 2487 1412 2558 auspi·

272 2581 392 2643 caretur,
412 2593 497 2648 saepe
514 2593 544 2632 se
558 2580 626 2648 posi
644 2576 771 2632 mediam
789 2580 901 2632 noctem
920 2577 953 2632 in
971 2580 1065 2634 locum
1078 2577 1224 2646 idoneum,
1242 2581 1343 2632 contra
1361 2595 1410 2631 ur-

272 2670 341 2734 bem,
360 2684 485 2723 uacuum
504 2671 531 2723 et
548 2667 692 2723 incultum
709 2666 879 2736 conferebat,
907 2667 1004 2739 ibique
1023 2670 1241 2724 taberniaculum
1259 2669 1299 2723 ad
1317 2667 1348 2723 id
1367 2683 1411 2723 eoc-

272 2760 414 2814 sirucium
432 2757 569 2816 intrabat.
591 2759 673 2824 Qrwd
696 2759 940 2815 «atanaricum
959 2775 1084 2830 capere»
1107 2757 1265 2814 dicebatur.
