3658 5424
871 453 1033 514 ..14-

380 584 493 650 legatur
509 584 568 637 sine
585 585 643 637 ullo
657 583 744 636 dubio
761 583 1024 652 EROGARETUB..
1037 612 1068 626 -
1078 586 1209 652 indicasse]
1225 589 1255 638 B.
1266 588 1390 639 admisse
1405 589 1444 640 Μ.
1455 593 1483 640 et
1501 606 1526 656 p.

379 693 411 706 -
426 665 511 717 meaa
533 666 546 732 ]
562 666 600 718 Μ.
616 693 646 704 -
662 671 685 715 et
700 665 783 729 [itiam
800 665 990 731 commendasse]
1008 667 1065 732 M.;
1079 666 1209 730 filiamque
1221 667 1271 718 sibi
1282 668 1464 720 commendasse
1480 671 1527 734 Β.;

378 751 417 809 at,
426 751 460 798 nt
475 746 568 812 Ripsi
584 747 713 798 fatentur
728 747 770 810 (in
787 745 950 810 adn.),haec
966 746 1055 799 verba
1071 747 1199 812 spatium
1210 747 1351 800 excedunt
1362 749 1526 802 litterarum

379 843 452 892 quas
474 827 504 878 in
527 827 588 878 cod.
603 827 774 893 supplendae
796 833 873 892 sunt,
888 843 954 879 cum
975 851 986 872 ‹
996 829 1048 878 siti
1055 849 1068 876 ι
1085 827 1122 880 ad
1145 829 1316 881 sententiam
1332 830 1527 896 explicandam

379 924 437 960 uon
452 908 491 959 sit
506 909 701 960 necessarium.
715 935 747 948 -
761 909 832 960 lieres
844 911 980 972 repentino
995 915 1108 960 mortum
1120 911 1261 976 nuntiatur]
1278 911 1318 962 M.

425 991 448 1040 Β
450 1025 535 1042 ......
542 989 677 1041 minanda
684 991 711 1040 in
721 991 762 1041 his
776 991 889 1041 haurite
902 991 1054 1056 existimata]
1080 991 1184 1056 optime
1194 993 1374 1043 coniecerunt
1383 992 1422 1054 Β.,
1434 1009 1529 1057 quam·

380 1086 466 1136 quam
482 1086 517 1121 ex
536 1069 641 1121 litteris
657 1069 717 1122 cod.
732 1071 805 1121 nihil
829 1071 892 1122 elici
909 1075 1001 1136 potest
1026 1099 1055 1110 -
1073 1072 1359 1138 ...asa-maioribus]
1384 1075 1430 1138 Β.,
1447 1075 1529 1137 defen-

380 1152 426 1202 dat
440 1168 499 1201 usas
513 1157 536 1201 et
551 1167 594 1215 p.;
609 1150 906 1224 naturalium-sus
923 1151 983 1203 cod.
993 1181 1024 1190 -
1036 1157 1132 1203 matam
1147 1153 1229 1218 modo]
1247 1154 1395 1204 Francken
1410 1154 1440 1217 (l.
1451 1171 1487 1204 m.
1501 1172 1526 1219 p.

379 1233 453 1296 239)3
477 1231 629 1281 tantumdem
651 1232 698 1295 B.;
721 1233 898 1284 TANTUDE
921 1232 981 1282 cod.
1002 1261 1033 1270 —
1054 1234 1239 1299 recognoscere]
1264 1249 1330 1284 cum
1354 1234 1530 1286 Franckenio

379 1315 415 1375 (p.
431 1311 505 1375 239);
521 1316 605 1360 nasto
620 1311 695 1360 eorde
712 1327 809 1362 noscere
825 1313 855 1362 B.
871 1316 909 1375 (v.
919 1313 958 1363 M.
967 1312 1106 1363 Flemisch
1117 1329 1141 1363 o.
1152 1329 1189 1363 m.
1197 1312 1215 1363 l.
1223 1316 1271 1377 m.)
1281 1313 1530 1380 3Nosraouoas

379 1396 407 1454 (a
423 1391 480 1442 iam
500 1389 639 1456 distingui
648 1407 705 1442 non
714 1396 817 1456 potest)
836 1392 1002 1444 NOSOERE
1017 1393 1078 1443 cod.
1086 1422 1117 1434 -
1129 1429 1150 1444 ..
1163 1395 1227 1460 ....]
1245 1398 1308 1458 post
1321 1394 1441 1446 «tradere
1451 1414 1464 1442 a
1474 1395 1531 1446 for-

379 1477 454 1523 tasse
469 1487 535 1522 cum
551 1471 744 1522 Dieokmanuo
760 1475 797 1537 (p.
814 1474 843 1523 ll
861 1471 940 1536 adn.)
956 1472 1145 1538 supplendum
1161 1479 1218 1525 est:
1234 1475 1295 1525 stite
1311 1475 1420 1526 videtur.
1436 1474 1468 1514 -’
1486 1511 1531 1527 ...

382 1589 405 1605 ..
421 1570 446 1602 se
462 1570 521 1603 cum
543 1553 680 1616 augurales
690 1583 703 1592 -
711 1555 864 1620 pannariam]
882 1555 946 1607 Non
962 1555 1050 1606 verba
1066 1553 1170 1605 codicis
1185 1555 1231 1606 hic
1248 1555 1391 1616 habemus,
1407 1554 1456 1606 sed
1472 1572 1532 1606 sen-

383 1632 502 1684 tentiam
517 1633 615 1696 solum,
637 1649 708 1698 quae
724 1633 830 1684 litteris
845 1632 949 1684 codicis
966 1633 1114 1698 depravati
1130 1639 1159 1685 et
1175 1634 1272 1684 mutili
1283 1651 1300 1685 a
1312 1650 1396 1685 versu
1412 1636 1531 1700 septimo

382 1712 516 1778 usquead
525 1713 660 1764 ultimum
677 1713 764 1764 huius
780 1715 926 1765 columnae
942 1713 1082 1765 contineri
1098 1712 1229 1780 videtur3
1244 1731 1305 1766 eam
1316 1715 1477 1766 coniectura
1493 1733 1532 1766 as-

382 1794 460 1858 sequi
478 1796 508 1844 B.
524 1795 776 1856 existimaverunt,
792 1811 858 1846 cum
874 1795 905 1846 in
930 1795 1064 1846 extremis
1080 1795 1228 1846 columnae
1245 1796 1374 1848 versibus
1398 1796 1533 1862 legissent

383 1875 471 1926 verba
487 1875 630 1926 VILLAM
643 1876 1033 1939 ...uABuaNAcUme
1059 1876 1250 1928 POSUISSET
1262 1913 1268 1926 .
1277 1911 1284 1926 .
1294 1913 1299 1926 .
1309 1913 1315 1926 .
1324 1876 1532 1940 Postumum,

384 1971 456 2020 qnae
471 1956 502 2006 in
511 1955 673 2007 memoriam
688 1957 860 2008 revocabant
870 1957 963 2008 locum
974 1956 1114 2008 Ciceronis
1127 1955 1169 2020 (de
1181 1957 1241 2008 Nat.
1250 1956 1330 2007 Deor.
1342 1957 1376 2020 ΙΙ,
1393 1958 1428 2020 4):
1439 1995 1445 2008 .
1457 1993 1464 2008 .
1475 1965 1534 2021 post

384 2054 416 2086 ea
433 2037 572 2099 prouincia
597 2037 694 2088 litteren
709 2037 746 2088 ad
761 2038 893 2100 rotagium
908 2039 978 2088 misit
998 2038 1040 2102 (Τ.
1057 2037 1239 2102 Sempronius
1255 2037 1400 2088 Gracchus
1415 2055 1450 2090 ex
1466 2039 1532 2090 Sar·
1641 2085 1645 2092 .

386 2116 466 2168 dinia
482 2117 532 2168 ubi
546 2118 693 2182 proconsul
710 2122 783 2182 erat)
799 2136 823 2168 se
839 2136 895 2168 enm
914 2119 1004 2182 legeret
1020 2119 1098 2168 liiros
1114 2118 1275 2168 recordatum
1290 2135 1339 2168 esse
1354 2120 1416 2169 uitio
1430 2119 1479 2169 sibi
1493 2126 1534 2169 ta-

385 2197 546 2248 bernaculum
562 2205 664 2260 captum
671 2200 747 2261 fnisse
757 2199 841 2249 hortos
853 2197 985 2262 Scipionis,
997 2199 1071 2261 qaod,
1082 2216 1139 2249 cum
1145 2199 1290 2262 perreriam
1301 2200 1416 2249 intrasset
1426 2199 1536 2250 habendi

386 2285 485 2329 senatus
500 2296 584 2340 cansa,
592 2281 619 2329 in
636 2279 763 2330 redeundo
775 2297 830 2330 curn
842 2279 908 2330 idem
920 2282 1063 2342 pomerium
1074 2281 1201 2344 transiret,
1213 2281 1351 2342 auspicari
1359 2286 1418 2330 esset
1431 2279 1537 2341 oblitum

368 2357 371 2364 ’
395 2363 481 2424 itaque
495 2363 557 2412 uitio
573 2367 668 2412 areatas
684 2361 795 2412 censuim
810 2378 859 2412 esse
874 2365 911 2424 (v.
928 2365 1045 2426 comm).

445 2585 480 2639 Α.
499 2587 713 2660 Aemiliametc]
732 2586 814 2640 Nihil
828 2587 906 2658 apud
925 2603 1104 2658 quemquam
1117 2587 1153 2642 de
1172 2589 1228 2644 hac
1243 2588 1469 2644 narratiuncula
1494 2590 1534 2644 in·

391 2676 536 2731 venimus.
559 2709 589 2718 -
623 2677 668 2732 De
694 2676 828 2748 Corfidiis
844 2676 989 2746 fratribus
1008 2681 1073 2744 etc]
1094 2695 1121 2732 v.
1141 2677 1217 2732 Plin.
1238 2677 1277 2735 H.
1296 2678 1331 2732 N.
1362 2677 1428 2746 VIl,
1448 2696 1471 2732 c.
1491 2678 1535 2746 52,

391 2767 408 2835 ξ
428 2763 497 2819 177:
515 2766 613 2822 Adicit
631 2768 661 2838 (i.
681 2783 705 2822 e.
725 2766 830 2836 Varro,
850 2767 935 2822 cuins
954 2771 1119 2822 matertera
1137 2763 1219 2824 illins
1240 2767 1362 2824 corfidii
1375 2785 1450 2824 uxor
1469 2773 1535 2822 erat

392 2854 442 2924 qui
461 2857 525 2910 tam
544 2855 654 2909 mirum
671 2856 704 2910 in
722 2854 843 2910 modum
861 2857 893 2910 in
912 2856 1007 2911 vitam
1021 2853 1145 2912 rediisse
1158 2855 1207 2911 hio
1220 2857 1374 2928 narratur)
1392 2855 1536 2912 miracula

391 2960 467 3015 quae
484 2946 544 2998 tota
570 2933 903 3000 indicasse'oonoeniat:
931 2963 945 3000 e
964 2947 1077 3001 duobus
1093 2945 1240 3015 fratribus
1258 2945 1397 3017 equestris
1424 2944 1537 3002 ordinis

394 3033 519 3104 Corfidio
536 3033 643 3088 maiori
659 3034 799 3090 accidisse
817 3038 851 3090 ut
867 3034 1012 3090 videretur
1024 3035 1188 3106 emspirasse
1201 3039 1356 3106 apertoque
1370 3037 1536 3090 testamento

392 3123 546 3179 recitatum
565 3124 696 3180 heredem
712 3124 851 3180 minorem
869 3125 973 3194 funeri
991 3124 1145 3192 institisse3
1166 3124 1283 3180 interim
1302 3142 1367 3180 eum
1386 3124 1439 3196 qui
1458 3125 1537 3180 oide-

393 3215 480 3269 batar
497 3213 659 3270 emstinctus
673 3216 843 3285 plaudendo
861 3213 1017 3272 maduisse
1035 3215 1240 3272 ministeriosi
1256 3231 1426 3270 narrassea
1443 3214 1538 3284 fratre
1569 3217 1573 3224 ⁴

395 3320 425 3359 se
442 3302 560 3369 uenisse,
580 3305 811 3360 commendatam
837 3305 895 3362 sibi
909 3305 1003 3377 filiam
1022 3307 1059 3361 ab
1077 3321 1116 3373 eo,
1135 3307 1367 3362 demonstratum
1387 3307 1538 3375 praeterea

394 3408 452 3463 quo
470 3391 503 3448 in
520 3395 579 3448 ioco
592 3393 751 3462 defodisset
764 3411 872 3451 auream
885 3397 965 3450 nullo
978 3394 1091 3450 conscio
1104 3398 1130 3450 et
1142 3411 1257 3464 rogasse
1271 3397 1305 3449 ut
1317 3393 1355 3450 iis
1366 3392 1540 3463 funebribus

394 3498 470 3554 quae
487 3487 684 3554 comparasset
700 3484 856 3553 efferretur.
883 3488 948 3540 Hoc
965 3501 996 3540 eo
1017 3488 1159 3540 narrante
1176 3485 1284 3555 fratris
1311 3483 1461 3540 domestici
1474 3500 1539 3554 pro·

392 3590 461 3644 pere
473 3574 685 3630 adnuntiavere
702 3573 907 3630 martimaium
925 3574 1016 3640 illum,
1031 3579 1058 3630 et
1076 3591 1184 3630 aarum
1199 3575 1251 3631 ubi
1264 3573 1381 3630 disserat
1394 3577 1540 3646 repertum

396 3667 445 3719 est.
460 3663 591 3738 -quasi
605 3663 719 3738 fabata]
737 3664 915 3736 particulam
935 3665 1024 3736 quasi
1035 3681 1216 3736 magnopere
1230 3663 1330 3736 diligit
1349 3669 1452 3720 noster
1464 3663 1540 3718 Lici·

396 3754 518 3820 nianus;
530 3753 566 3808 of.
579 3753 667 3824 quasi
675 3758 767 3810 mente
780 3758 921 3811 commota
933 3754 996 3825 (fol.
1007 3754 1081 3811 VIII
1092 3772 1125 3823 n,
1135 3754 1162 3808 A
1173 3754 1208 3825 1),
1218 3753 1306 3825 quasi
1315 3769 1470 3824 oppressas
1479 3751 1541 3831 (fol.

396 3841 462 3910 VII,
482 3860 515 3909 r.,
531 3842 563 3896 B.
582 3843 619 3915 8),
639 3844 728 3915 quasi
746 3843 859 3900 metiore
873 3843 988 3900 nomine
997 3844 1060 3916 (fol.
1070 3843 1102 3898 II
1113 3862 1141 3914 v,
1153 3843 1178 3896 B
1190 3843 1227 3916 8).
1241 3875 1274 3884 -
1284 3841 1385 3916 decies]
1398 3845 1416 3896 i.
1431 3859 1447 3897 e
1460 3841 1541 3896 HSX

394 3951 435 3972 =
448 3931 544 3989 decem
559 3933 639 3989 mitia
648 3933 818 3989 sestertium.
833 3963 866 3976 -
881 3932 1055 4006 erogaretur]
1069 3932 1106 3987 ds
1121 3933 1269 4005 particula
1288 3935 1369 3987 ‹ut›
1388 3933 1498 3988 omissa
1514 3949 1540 3986 v.

396 4025 542 4096 Madvigii
558 4023 688 4079 Gramm.
702 4023 751 4076 tat.
765 4023 796 4076 in
810 4021 873 4076 ital.
887 4021 906 4076 l.
920 4021 981 4076 rad.
994 4023 1012 4091 ᾗ
1025 4022 1087 4087 272,
1103 4023 1137 4076 Α.
1151 4022 1176 4075 4.
1187 4054 1223 4062 --
1234 4038 1286 4076 nec
1298 4022 1459 4091 oppleadae
1472 4023 1542 4075 sunt

396 4120 424 4174 lt.
437 4132 517 4187 coam
531 4109 698 4184 chartulae]
711 4111 746 4166 Vt
758 4109 992 4182 disputationem
1011 4118 1146 4166 nostram
1159 4112 1190 4166 in
1202 4134 1214 4160 a
1227 4110 1342 4167 Rivista
1351 4111 1385 4166 di
1390 4109 1514 4182 filoloyia
1525 4133 1537 4158 ο

398 4223 486 4278 quam
500 4203 731 4258 memoravimus
745 4220 770 4273 p.
784 4201 836 4256 281
852 4206 882 4256 et
894 4202 948 4254 274
962 4202 994 4256 in
1008 4200 1075 4256 adn.
1095 4233 1128 4242 -
1142 4204 1283 4273 augurale
1311 4199 1397 4256 libros
1411 4216 1541 4270 -quom

399 4296 511 4366 ingrad.
521 4290 707 4365 pausarium]
732 4290 814 4358 Quod
834 4291 1007 4346 Licinianus
1026 4291 1074 4346 hic
1093 4296 1218 4363 tangere
1231 4289 1351 4350 videtur
1370 4308 1388 4344 a
1401 4289 1542 4344 Cicerone

399 4389 555 4463 narratum
565 4392 620 4450 est,
631 4389 749 4454 praeter
759 4382 857 4436 locum
876 4400 894 4436 a
912 4382 1006 4437 Bonn.
1027 4381 1161 4450 allatum,
1175 4383 1206 4436 in
1221 4382 1319 4452 priore
1334 4397 1449 4450 quoque
1466 4378 1541 4433 libro

398 4476 434 4530 de
442 4473 621 4529 divinatione
631 4475 716 4542 (xvii,
726 4470 781 4540 33),
790 4477 880 4542 atque
891 4471 1002 4544 legitur
1016 4473 1109 4526 etiam
1123 4470 1202 4542 apud
1212 4471 1365 4527 Valerium
1376 4469 1540 4524 Maximum

399 4563 434 4635 (Ι,
449 4563 478 4634 3)
490 4567 521 4617 st
532 4561 725 4616 Plutarchum
736 4560 839 4634 (Marc.
853 4560 895 4631 V).
910 4559 1104 4617 Recteneone
1118 4561 1206 4616 huius
1222 4559 1280 4616 loci
1294 4560 1483 4628 sententiam,
1497 4557 1540 4614 Gi·
