3658 5424
879 504 928 513 -
954 482 1024 532 VIII
1050 503 1098 512 -·-

495 630 578 726 His,
606 656 702 728 quae
731 629 889 704 fortasse
921 631 1198 728 praetereunda
1232 656 1310 702 non
1337 638 1464 723 erant,
1492 655 1554 701 ex-

421 765 567 862 positis,
595 767 640 839 de
659 765 782 856 Grani
801 764 1018 838 Liciniani¹
1046 774 1168 838 aetate
1195 790 1238 836 ac
1257 765 1303 837 de
1321 763 1445 860 operis
1473 764 1552 836 eius

422 899 549 974 indole
575 909 612 974 et
645 899 814 974 fontibus
848 899 944 972 mihi
970 899 1233 972 disserendum
1269 909 1376 993 esset,
1412 899 1487 971 nisi
1512 898 1553 970 id

421 1046 597 1110 accurate
624 1035 798 1110 fecissem
825 1062 869 1109 ea
895 1035 1152 1132 disputatione
1179 1061 1275 1132 quae
1302 1060 1424 1130 nuper
1451 1034 1553 1106 edita
1598 1071 1600 1077 v

423 1181 479 1244 est
495 1171 536 1242 in
567 1197 585 1240 ‹<
603 1172 742 1244 niusa
762 1172 800 1243 di
818 1171 1036 1265 Filolopiu»
1064 1168 1164 1263 (Vol.
1185 1167 1371 1262 XXVIII,
1390 1167 1481 1240 fasc.
1500 1167 1551 1262 II,

423 1330 508 1400 pag.
536 1306 606 1377 268
633 1315 670 1388 et
696 1331 797 1401 seqq.
825 1303 968 1378 Torino
994 1303 1182 1378 Loescher
1210 1306 1331 1397 1900).
1364 1301 1438 1378 Oui
1464 1329 1551 1374 cum

423 1438 520 1511 nihil
545 1438 706 1512 habeam
732 1441 834 1536 quod
859 1465 962 1511 nunc
989 1439 1127 1512 addere
1158 1448 1340 1534 oporteat,
1367 1448 1484 1511 restat
1511 1448 1553 1509 ut

423 1573 555 1668 paucis
582 1574 737 1647 doceam
772 1574 818 1646 de
844 1573 992 1646 ratione
1023 1598 1067 1644 ac
1093 1572 1156 1644 via
1182 1597 1297 1668 quam
1331 1571 1372 1643 in
1402 1571 1461 1644 his
1488 1571 1553 1644 Li-

415 1707 568 1780 ciniani
602 1707 773 1816 reliquiis
805 1708 1046 1782 recensendis
1080 1718 1193 1804 atque
1225 1705 1462 1780 illustrandis
1498 1730 1554 1781 se-

425 1851 534 1921 cutus
562 1868 657 1916 sum.

496 1976 757 2052 Bonnensium
784 1977 973 2072 editionis,
1000 1988 1042 2050 ut
1060 2005 1175 2075 supra
1193 1978 1284 2073 dixi,
1312 1978 1353 2050 in
1379 1977 1450 2050 hac
1469 2001 1553 2051 mea

423 2113 681 2208 comparanda
699 2111 1025 2184 accuratissimam
1044 2111 1231 2184 rationem
1260 2111 1387 2205 habui,
1407 2137 1450 2182 ac
1476 2136 1554 2182 me-

424 2245 498 2318 rito
524 2245 678 2342 quidem
704 2246 744 2318 id
772 2272 837 2319 me·
851 2245 984 2319 fecisse
1010 2245 1263 2342 peritissimus
1290 2245 1449 2342 quisque
1476 2244 1553 2316 exi-

425 2379 599 2453 stimator
625 2381 816 2474 concedet,
835 2379 1017 2476 quoniam
1035 2379 1255 2453 Bonnenses
1274 2389 1310 2453 et
1336 2377 1552 2451 Licinianei

426 2514 567 2587 codicis
594 2541 644 2587 m.
672 2543 700 2588 s.
727 2541 861 2588 verum
888 2513 1067 2588 foliorum
1102 2515 1275 2588 ordinem
1305 2514 1554 2587 restituerunt

426 2658 463 2722 et
487 2658 633 2722 textum
659 2676 682 2724 a
708 2649 856 2723 Pertzio
883 2650 1040 2744 editum,
1067 2651 1200 2723 rudem
1237 2649 1351 2722 etiam
1386 2658 1468 2720 tum
1496 2647 1554 2719 in-

424 2783 695 2880 conditamque
720 2783 932 2878 materiam,
960 2794 1146 2880 quantum
1173 2783 1256 2856 fieri
1273 2783 1408 2880 potuit,
1428 2781 1553 2877 dispo-

424 2926 583 2991 suerunt
608 2943 652 2990 ac
678 2943 778 2991 nova
803 2919 968 3014 quadam
994 2917 1078 2990 luce
1105 2916 1437 2991 collustraverunt.
1464 2915 1552 2989 Non

425 3054 563 3127 desunt
588 3063 715 3127 tamen
740 3051 815 3126 loci
841 3054 918 3150 ubi,
946 3053 1025 3126 sive
1060 3053 1201 3126 codicis
1237 3052 1373 3127 litteris
1406 3051 1553 3125 collatis

427 3187 506 3259 sive
533 3213 660 3260 rerum
686 3197 928 3260 narratarum
956 3187 1144 3260 sententia
1169 3197 1379 3284 perspecta,
1406 3211 1428 3258 a
1454 3185 1554 3260 Bon-

426 3320 603 3393 nensium
628 3318 790 3393 lectione
817 3320 1090 3394 discedendum
1122 3347 1201 3394 esse
1237 3319 1463 3394 existimavi.
1491 3319 1555 3391 In-

428 3455 576 3527 terdum
604 3454 718 3527 etiam
745 3453 889 3527 factum
916 3465 982 3549 est,
1008 3465 1051 3526 ut
1080 3456 1181 3552 quod
1207 3454 1427 3528 Bonnenses
1453 3454 1554 3527 insa-

428 3589 552 3664 nabile
591 3591 824 3665 iudicassent
861 3616 906 3664 ao
944 3589 1056 3688 plane
1095 3589 1362 3686 neglexissent,
1403 3590 1442 3662 id
1473 3615 1554 3686 ege,

427 3725 589 3799 aliorum
608 3726 776 3824 aliquam
794 3726 1029 3824 probabilem
1047 3726 1306 3800 coniecturam
1325 3735 1486 3820 secutus,
1506 3727 1555 3798 ad

427 3858 627 3934 clariorem
655 3862 848 3957 quandam
874 3859 1102 3934 sententiam
1128 3859 1341 3955 redigerem
1375 3868 1487 3955 atque
1513 3859 1555 3930 in

426 4003 571 4066 textum
598 3994 817 4091 reciperem.
846 3992 1002 4087 Contra,
1017 3993 1049 4065 si
1075 3993 1168 4089 quid
1185 3993 1404 4066 Bonnenses
1423 4017 1555 4088 perpe-

426 4153 509 4200 ram
535 4128 575 4200 in
602 4137 707 4202 textu
733 4127 929 4225 scripsisse
953 4127 1048 4202 mihi
1075 4127 1149 4200 visi
1175 4137 1264 4200 sunt
1290 4151 1411 4222 neque
1437 4125 1554 4198 habui

475 4451 686 4506 ¹Praenomen
706 4468 721 4506 u
739 4451 825 4508 Gai»
845 4451 1078 4507 incertissimum
1098 4455 1144 4506 est
1162 4448 1234 4521 (vid.
1263 4449 1337 4521 disp.
1366 4453 1501 4504 nostram
1530 4449 1560 4504 in

420 4559 563 4617 «Rivista
581 4560 615 4616 di
632 4560 719 4616 Fu.»
739 4560 757 4614 l.
777 4578 818 4636 m,
835 4578 861 4632 p.
880 4559 933 4614 271
953 4566 983 4616 et
1004 4559 1106 4630 sequ).
