3658 5424
921 498 1087 557 ...50-

371 701 374 706 1
430 631 484 683 levi
494 630 735 686 transmutatione
752 631 836 692 facta,
849 629 940 680 locum
953 628 1081 680 restituit
1093 627 1244 678 Linlzerins
1255 631 1289 689 (o.
1303 643 1339 678 m.
1351 644 1376 692 p.
1388 627 1461 692 688);
1472 629 1501 678 B.
1514 644 1578 680 cum

427 712 520 764 codice
537 713 680 764 scribunt:
698 713 737 762 aa
752 741 783 749 -
799 712 947 773 compositis,
971 710 1071 772 reliqua
1095 711 1171 761 classe
1193 711 1289 774 [pratia
1313 709 1346 760 P.
1366 709 1399 761 a.
1416 711 1579 761 reconciliata

426 794 644 847 Ariobardianem
654 800 680 844 nt
691 810 791 843 seruum
801 793 906 857 respuit]
919 793 946 841 in
960 791 1070 842 Pontum
1078 791 1260 853 proficiscitur,
1272 789 1483 855 adnotantque:
1498 813 1509 838 a
1520 809 1579 853 pra·

429 877 466 926 tia
482 904 512 912 -
528 875 645 936 respuit»
665 873 697 923 ab
713 875 876 936 epitomatore
892 872 958 921 reale
974 871 1022 920 huc
1037 872 1135 920 adscita
1153 871 1303 920 seclusimus.
1313 871 1376 922 Non
1388 877 1578 936 opportunum

427 960 522 1008 censet
537 953 712 1006 Schmidtius
727 957 764 1017 (p.
781 954 837 1016 226)
854 972 867 1000 «
880 951 1087 1004 Ariobardianen
1104 981 1135 990 -
1151 953 1246 1015 respuit
1258 970 1271 1000 o
1296 951 1370 1016 quod
1388 957 1499 1004 constet
1514 969 1578 1004 eum

427 1053 493 1089 cum
510 1035 677 1087 Mithridate
694 1035 722 1086 in
739 1035 863 1100 gratiam
880 1034 1000 1094 rediisse,
1018 1039 1105 1098 atque
1123 1033 1165 1086 his
1185 1034 1279 1085 verbis
1294 1035 1447 1098 praeferret
1472 1054 1484 1084 a
1498 1037 1578 1087 Ario-

427 1119 551 1170 barsliane
566 1120 594 1168 in
609 1135 714 1182 repnum
730 1119 866 1168 restituto»
883 1117 906 1166 si
924 1115 1005 1166 modo
1021 1115 1050 1166 id
1068 1116 1171 1167 litteris
1188 1115 1291 1167 codicis
1302 1115 1358 1166 niti
1375 1122 1474 1181 posset.
1491 1146 1522 1154 —
1538 1121 1576 1184 ae]

424 1206 542 1264 praestat
559 1220 571 1244 ι
583 1205 611 1249 at
623 1221 635 1245 ι
652 1199 683 1248 Β.
701 1199 729 1248 in
747 1199 812 1248 adn.

474 1283 505 1331 Β.
519 1282 589 1331 Pars
605 1280 727 1331 exterior
744 1279 829 1330 huius
845 1279 992 1330 columnae
1007 1281 1107 1330 avulsa
1124 1285 1166 1330 est
1182 1279 1224 1330 ita
1241 1285 1274 1330 ut
1290 1280 1416 1330 omnium
1443 1281 1499 1330 fere
1516 1296 1578 1330 ver-

429 1378 512 1413 suum
530 1361 641 1412 litterae
657 1377 715 1411 una
731 1360 776 1410 vel
795 1360 867 1410 duae
884 1361 927 1410 vel
946 1365 1003 1411 tres
1020 1371 1161 1411 extremae
1178 1359 1380 1411 desiderentur.
1392 1378 1417 1425 p.
1429 1390 1457 1399 -
1476 1363 1577 1429 topatus]

429 1445 474 1507 B.;
490 1441 560 1504 (cod.
578 1442 628 1492 RE
640 1479 645 1490 .
658 1479 664 1491 .
676 1478 682 1491 .
694 1478 700 1492 .
712 1479 717 1491 .
730 1443 755 1503 );
771 1447 839 1490 retra
856 1441 893 1495 M.
910 1440 958 1506 qui
976 1446 1070 1491 totum
1090 1441 1182 1491 locum
1196 1440 1345 1491 Hortensius
1357 1471 1387 1478 -
1398 1443 1522 1494 vexabant
1539 1445 1579 1495 ita

428 1523 571 1574 emendari
587 1522 725 1574 iussit...
742 1521 894 1572 Hortensius
909 1527 978 1570 retro
993 1523 1137 1584 supererat,
1153 1523 1206 1584 ipae
1224 1521 1298 1572 Sulla
1314 1524 1449 1573 exercitum
1462 1525 1488 1573 in
1508 1525 1579 1574 Mae-

428 1603 500 1654 diam
514 1603 658 1652 induxerat.
677 1602 836 1663 Priusquam
851 1603 878 1650 in
894 1601 985 1651 Asiam
996 1601 1033 1650 ad
1048 1601 1205 1663 conloquium
1216 1603 1341 1664 transiret,
1360 1602 1502 1653 Dardanos
1518 1623 1579 1666 qua-

429 1701 476 1746 que
495 1689 518 1732 et
542 1683 686 1733 Denseletae
706 1689 844 1744 ceterosque
868 1683 914 1744 qui
930 1681 1105 1734 Macedoniam
1128 1681 1341 1746 vexabant....3
1357 1684 1387 1734 B.
1405 1700 1454 1747 pro
1484 1687 1580 1735 ‹caesie

430 1765 558 1815 hostibus»
573 1765 703 1814 scribunt
714 1764 744 1813 in
756 1768 838 1814 textu
850 1783 863 1811 a
878 1762 1068 1826 Scordiscosque
1081 1783 1094 1812 ι)
1104 1781 1110 1824 ;
1122 1779 1178 1826 nos,
1192 1770 1307 1816 auctore
1319 1766 1456 1816 Bursiano
1467 1771 1503 1830 (p.
1514 1769 1578 1830 650),

430 1846 578 1898 lectionem
593 1845 654 1896 cod.
668 1845 756 1895 secuti
774 1861 872 1896 sumus
884 1850 921 1908 (v.
933 1845 1019 1896 etiam
1033 1847 1072 1896 M.
1089 1845 1226 1896 Flemisch
1239 1846 1256 1895 l.
1273 1850 1327 1908 m).
1340 1875 1368 1885 -
1385 1847 1516 1909 impacata
1527 1886 1533 1899 .
1545 1885 1551 1900 .
1564 1851 1578 1915 .]

430 1945 455 1992 p.
471 1927 647 1990 (INPACasn
660 1963 666 1976 .
681 1925 786 1989 .cod.);
803 1963 826 1976 ..
839 1961 845 1976 .
857 1928 903 1990 Β.;
919 1926 991 1977 Keil.
1008 1931 1044 1990 (p.
1056 1928 1113 1980 649)
1130 1927 1235 1977 conicit
1256 1928 1373 1977 «intaeta
1389 1927 1521 1978 5615»-
1539 1966 1579 1980 ...

430 2045 551 2060 .......
568 2010 575 2074 ]
594 2009 683 2059 Locus
700 2013 742 2058 est
759 2009 997 2072 corruptissimus,
1014 2013 1142 2058 attamen
1159 2008 1235 2059 cerni
1254 2014 1370 2073 possunt
1390 2009 1501 2060 litterae
1520 2011 1583 2062 PA-

429 2091 532 2142 PHLA
545 2127 550 2140 .
564 2090 632 2141 ΟΝ.
646 2127 651 2139 .
664 2129 669 2139 .
681 2105 687 2154 ;
699 2089 813 2140 minime
826 2089 916 2154 igitur
928 2088 1073 2154 probanda
1085 2088 1201 2140 videtur
1214 2090 1406 2140 Bonnensium
1419 2091 1580 2142 coniectura

434 2172 499 2234 «qui
511 2177 567 2233 poet
582 2176 617 2220 eat
632 2171 779 2232 appellatus
795 2170 985 2232 Philopator»,
1002 2186 1067 2220 cum
1086 2187 1177 2234 neque
1203 2171 1390 2230 necessarium
1407 2171 1579 2224 additamen-

429 2256 492 2302 tum
508 2251 639 2316 praebeat
655 2267 744 2314 neque
761 2250 820 2300 ulla
836 2249 896 2300 cod.
912 2249 1023 2314 syllaba
1040 2249 1085 2301 hic
1103 2250 1229 2314 nitatur3
1249 2249 1323 2301 idem
1346 2251 1402 2302 dici
1428 2257 1522 2315 potest
1547 2251 1580 2303 de

429 2331 590 2382 coniectura
606 2331 692 2381 Keilii
708 2335 744 2395 (p.
762 2331 819 2392 643)
841 2332 969 2392 «rapique
985 2331 1175 2381 Ariobardiani
1192 2333 1411 2393 Cappadociam·
1432 2333 1490 2383 Nos
1507 2333 1580 2384 coni-

429 2413 534 2464 almuse
555 2413 618 2461 ‹cui
631 2417 745 2474 estpars
761 2412 851 2462 addim
871 2411 1093 2474 Paphlagoniae»
1119 2411 1189 2474 (cod.
1214 2413 1287 2464 RUO
1359 2413 1580 2464 ESToPRELIA

429 2493 699 2544 TIPAPHLA.ON
712 2529 717 2542 .
731 2529 736 2542 .
748 2497 813 2554 .).-
829 2493 998 2543 mansuetior.
1011 2529 1017 2542 .
1030 2510 1141 2555 paam.
1154 2530 1159 2543 .
1173 2531 1178 2542 .
1192 2529 1198 2543 .
1211 2529 1234 2543 ..
1247 2530 1253 2544 .
1266 2495 1291 2558 .]
1309 2493 1441 2544 Dubitari
1459 2511 1515 2544 non
1532 2511 1580 2558 po-

430 2579 487 2624 test
503 2574 548 2624 hio
565 2573 599 2624 de
615 2573 775 2625 Nicomedis
791 2574 853 2626 vita
869 2579 935 2624 ante
948 2579 1013 2626 acta
1024 2575 1204 2625 Licinianum
1222 2575 1306 2639 loqui,
1318 2573 1366 2625 sed
1378 2575 1408 2624 in
1423 2575 1516 2626 codice
1535 2575 1580 2626 hic

430 2659 458 2704 et
473 2653 592 2717 proximi
609 2653 736 2718 quinque
752 2670 850 2705 versus
865 2654 972 2717 (ultimi
987 2654 1016 2704 in
1034 2655 1176 2716 columns)
1190 2654 1260 2706 adeo
1276 2655 1403 2705 mutilati
1415 2660 1443 2704 et
1454 2654 1579 2718 corrupti

431 2739 499 2784 sunt
515 2739 548 2784 ut
565 2733 599 2784 de
610 2733 732 2784 remedio
747 2734 828 2798 plane
839 2734 972 2799 desperes
984 2737 1114 2786 Fortasse
1132 2735 1172 2784 180
1184 2740 1212 2785 et
1225 2736 1266 2784 19⁰
1279 2749 1364 2786 versu
1376 2735 1579 2797 praebebatur:

429 2815 505 2863 comm
519 2821 542 2864 et
557 2805 709 2866 mansiletior
724 2816 774 2878 fuit
789 2833 866 2878 quam
880 2822 963 2877 pater,
977 2816 1020 2864 sed
1036 2833 1091 2866 cuna
1106 2822 1163 2866 esset
1176 2851 1255 2866 .....
1281 2843 1311 2852 -
1335 2814 1459 2865 Hennaeis
1474 2814 1578 2880 delarue]

436 2895 581 2946 «Romanis
597 2894 715 2944 deditus»
737 2895 882 2946 coniciunt
899 2897 929 2946 B.

490 3156 524 3210 A.
542 3160 607 3212 Rea
627 3188 659 3197 -
681 3157 883 3230 Gallopraeeis]
902 3158 989 3212 Hanc
1009 3158 1135 3212 alteram
1154 3157 1356 3212 condicionem
1379 3175 1397 3210 a
1416 3156 1497 3210 Sulla
1516 3173 1579 3227 pra

433 3246 561 3316 positam
575 3250 609 3300 ut
629 3263 685 3316 pax
700 3245 765 3299 fieri
779 3252 887 3317 posset,
901 3246 979 3318 apud
994 3251 1109 3301 ceteros
1123 3247 1285 3317 scriptores
1305 3247 1474 3300 invenimus
1487 3245 1578 3318 (Plut.

433 3336 507 3393 Sall.
525 3336 576 3402 22;
598 3336 671 3406 App.
693 3335 779 3390 Mitt.
799 3336 846 3398 55;
866 3335 975 3396 Memn.
995 3337 1045 3403 35;
1065 3336 1131 3389 Liv.
1151 3353 1210 3406 per.
1230 3335 1280 3404 83;
1309 3335 1390 3389 Flor.
1412 3335 1436 3401 I,
1455 3336 1498 3400 40,
1518 3336 1577 3405 42);

433 3424 485 3480 sed
504 3424 582 3495 apud
602 3425 698 3479 solum
718 3425 906 3479 Licinianum
929 3425 1014 3480 deest
1037 3423 1229 3495 Cappadocia,
1259 3426 1452 3479 nominantur
1481 3424 1582 3487 Gallo·¹

433 3516 533 3586 graeci
552 3516 570 3572 i.
592 3531 617 3568 e.
636 3514 774 3568 Galatiae
793 3515 907 3568 incolae
927 3533 1052 3586 quorum
1067 3515 1236 3570 tetrarchas
1255 3515 1448 3570 Mithridates
1462 3515 1579 3570 interfe-

433 3601 516 3658 cerat
534 3604 621 3675 (App.
641 3603 743 3659 Miller.
763 3605 818 3675 46).
838 3636 873 3646 -
895 3607 924 3669 Q.
947 3605 1074 3674 Oppium
1091 3605 1142 3660 Μ’.
1154 3604 1217 3677 Aa]
1237 3605 1268 3670 Q.
1288 3605 1400 3676 Oppius
1414 3623 1485 3660 vere
1508 3605 1578 3660 anni

432 3711 459 3748 u.
480 3694 541 3755 666,
561 3711 628 3746 cum
647 3695 790 3748 universa
809 3695 881 3748 Asia
901 3693 937 3747 ad
953 3693 1063 3748 bellum
1082 3699 1186 3748 contra
1207 3695 1357 3749 Romanos
1370 3713 1388 3748 a
1401 3694 1578 3748 Mithridate

433 3783 559 3836 incitata
579 3787 665 3850 esset,
686 3783 792 3838 relicta
812 3781 986 3854 Pamphilia‚
1006 3783 1183 3838 Laodiceam
1207 3786 1237 3838 in
1266 3784 1370 3838 urbem
1393 3784 1577 3855 confugerat,

431 3871 483 3926 sed
503 3871 701 3926 Laodicenses
720 3872 809 3943 paulo
828 3877 895 3942 post
915 3874 1067 3943 captivum
1087 3877 1118 3926 et
1142 3873 1257 3928 catenis
1282 3874 1416 3928 vinctum
1441 3891 1508 3927 eum
1528 3873 1578 3927 Mi-

431 3960 557 4014 thridati
587 3960 791 4028 tradiderant3
822 3965 921 4032 peiore
962 3961 1084 4016 fortuna
1112 3979 1185 4017 usus
1214 3969 1260 4017 est
1289 3963 1408 4016 Manius
1438 3961 1578 4032 Aquilius

431 4049 522 4120 (cons.
542 4050 603 4116 653,
623 4067 780 4104 servorum
794 4049 970 4104 seditionem
985 4068 1062 4104 enno
1076 4049 1128 4102 655
1143 4053 1172 4104 in
1188 4050 1288 4105 Sicilia
1303 4051 1504 4122 oppresserat)
1518 4051 1576 4120 qui,

432 4137 535 4192 eodem
556 4156 634 4192 anno
648 4157 706 4209 quc
719 4139 840 4210 Oppius,
860 4157 878 4192 a
891 4138 1084 4210 Mitylenaeis
1109 4145 1213 4210 captus
1237 4145 1268 4194 et
1290 4139 1458 4194 Mithridati
1484 4139 1578 4193 tradi-

430 4233 490 4294 tae,
504 4233 539 4281 ut
558 4227 627 4282 belli
647 4230 822 4293 concitator,
842 4229 1015 4298 turpissime
1034 4228 1071 4282 ab
1097 4245 1131 4282 eo
1154 4229 1343 4282 excruciatus
1357 4235 1484 4283 mortem
1504 4228 1578 4282 obiit

432 4315 478 4384 (cf.
498 4318 573 4387 App.
592 4317 695 4372 Mithr.
715 4318 758 4383 21,
780 4318 838 4384 112,
861 4317 936 4372 Plin.
956 4319 994 4371 H.
1017 4320 1053 4372 N.
1073 4317 1222 4383 XXXIII,
1245 4317 1286 4384 14,
1305 4317 1355 4384 48;
1373 4317 1431 4372 Cic.
1451 4319 1487 4372 de
1506 4317 1575 4387 imp.

434 4407 485 4462 On.
506 4409 609 4475 Pomp.
624 4407 648 4472 5,
671 4407 702 4462 ll
723 4409 800 4474 eta).
819 4405 925 4476 Itaque
945 4412 1048 4462 nostro
1068 4407 1133 4460 iure
1149 4409 1292 4460 miramur
1312 4405 1389 4477 quod
1405 4407 1578 4462 Licinianus

432 4511 451 4548 u
470 4493 645 4548 Mithridate
673 4493 785 4548 Sullam
813 4500 1004 4565 expetentem
1032 4495 1124 4549 iaciat
1145 4495 1306 4565 Aquilium,
1327 4513 1394 4550 cum
1414 4495 1577 4550 verisimile

433 4599 493 4646 uon
512 4583 552 4645 sit
571 4587 643 4646 tunc
662 4582 783 4650 Sullam,
803 4583 881 4662 quod
895 4583 1032 4643 omnibus
1047 4585 1236 4646 notissimum
1251 4589 1339 4656 esset,
1358 4585 1513 4660 ignorasse
1526 4589 1579 4644 eut
