3658 5424
891 458 1053 517 ..24-

393 597 498 662 serant,
518 594 562 648 ita
581 597 615 647 ut
634 591 755 646 Malli-us
778 591 942 658 sinistram,
961 587 1069 660 Caepio
1094 592 1196 643 autem
1218 587 1358 644 dextram
1377 586 1474 658 ripam
1494 585 1549 642 flu·

399 685 488 738 minis
507 687 634 738 teneret.
653 685 680 736 et
709 697 776 736 crim
794 682 887 736 Rbod.
903 677 1068 751 traiecisset]
1081 679 1100 732 i.
1114 695 1137 736 e.
1152 677 1259 749 Caepio
1269 677 1309 751 (v.
1323 677 1366 749 a),
1382 677 1435 748 qui
1453 677 1549 748 primo

398 777 599 839 recusaverat,
619 776 721 826 tamen
741 771 772 824 in
792 771 947 825 sinistram
968 769 1063 840 ripam
1083 772 1294 840 transgressus
1314 771 1380 822 erat
1394 765 1441 838 (cf.
1461 765 1547 822 Dion.

398 861 417 916 l.
437 880 475 916 m.
496 863 542 915 aui
561 859 632 935 ἦλθε
653 866 697 934 μὲν
716 863 779 934 πρὸς
799 859 887 932 αὐτὸν)
915 865 1005 929 atque
1035 863 1135 914 castra
1162 859 1243 912 inter
1262 857 1399 912 Mallium
1419 861 1449 912 et
1475 857 1548 913 Cim·

399 952 468 1007 bros
489 958 639 1024 posuerat,
659 956 693 1005 ut
712 953 794 1022 prior
815 949 852 1004 ab
871 949 1009 1004 hostibus
1029 953 1191 1020 peteretur.
1211 980 1245 992 -

452 1041 485 1095 B.
504 1059 541 1097 ue
564 1041 779 1098 communicare
797 1039 915 1112 quidem
944 1071 977 1082 -
1005 1037 1146 1112 inceperet]
1165 1056 1193 1095 v.
1212 1037 1310 1094 locum
1336 1037 1440 1093 Dionis
1458 1054 1546 1107 quem

397 1149 488 1203 supra
507 1131 674 1187 attulimus.
695 1161 730 1170 —
748 1133 854 1202 tapetes
873 1146 900 1201 q.
918 1145 942 1184 a.
961 1127 1088 1202 miserat]
1118 1127 1154 1183 de
1178 1128 1337 1200 legatione,
1357 1145 1446 1199 quam
1465 1127 1547 1184 solus

398 1221 572 1278 Licinianus
591 1226 746 1288 memorat,
761 1222 852 1277 missa
860 1231 889 1274 ‘a
908 1225 1015 1276 senatu
1029 1225 1064 1274 ut
1077 1219 1266 1284 concordiam
1281 1221 1361 1274 iuter
1376 1219 1466 1273 duces
1480 1235 1548 1272 con-

399 1311 524 1379 ciliaret,
554 1310 673 1366 dubitat
702 1311 828 1365 Franck.
847 1310 879 1382 (l.
902 1327 940 1364 m.
963 1328 990 1381 p.
1013 1309 1092 1380 255);
1116 1309 1319 1364 Mommsenus
1343 1311 1448 1362 contra
1470 1307 1547 1360 hanc

398 1400 546 1454 Liciniani
560 1402 765 1456 narrationem
779 1417 883 1455 veram
903 1401 1066 1467 existimat,
1084 1404 1174 1469 atque
1193 1398 1388 1453 Neumannus
1401 1397 1430 1468 (a
1444 1395 1546 1450 Dieclr·

398 1507 508 1545 manno
529 1489 606 1544 laud.
626 1509 653 1561 p.
679 1490 715 1544 30
734 1491 765 1544 in
785 1489 866 1560 adn.)
888 1488 1026 1544 idoneam
1046 1506 1111 1543 eam
1139 1487 1252 1542 iudicat
1274 1485 1311 1541 ad
1333 1484 1546 1542 illustrandum

399 1598 488 1653 quam
507 1579 603 1635 debile
625 1585 655 1635 et
680 1578 832 1634 infirmum
856 1583 922 1633 tum
940 1578 1033 1633 fuerit
1052 1579 1210 1650 imperium
1229 1581 1361 1632 senatus.
1381 1575 1454 1630 Cum
1476 1593 1546 1632 vero

399 1671 506 1742 Caepio
524 1671 556 1725 in
580 1671 735 1725 sinistram
760 1671 857 1740 ripam
872 1668 1012 1724 Rhodani
1030 1674 1239 1740 transgressus
1259 1671 1347 1734 esset,
1366 1670 1472 1720 narrat
1490 1665 1546 1720 Dio

399 1759 519 1820 ducesa
538 1759 685 1815 militibus
705 1764 824 1814 coactos
844 1776 909 1815 esse
928 1758 966 1814 ad
986 1759 1165 1829 colloquium
1179 1759 1347 1823 convenire,
1360 1755 1412 1812 sed
1432 1757 1546 1811 acriore

398 1849 444 1903 ira
458 1847 659 1904 inflammatos
672 1847 853 1904 discessisse.
868 1879 901 1889 -
916 1849 1091 1914 auscultare]
1106 1865 1133 1902 v.
1146 1847 1165 1901 l.
1176 1865 1215 1901 m.
1226 1848 1257 1902 in
1267 1847 1332 1904 aiv.
1343 1846 1377 1902 di
1385 1845 1442 1902 Fit.
1455 1863 1482 1917 p.
1493 1846 1546 1899 274

399 1937 468 1992 adn.
481 1969 515 1978 —
536 1937 717 1994 Cirrrbrorum
727 1937 841 2008 legatos]
853 1937 1016 1994 secundum
1027 1937 1152 1992 Dionem
1166 1937 1285 2007 Cimbri,
1296 1936 1403 2008 quibus
1413 1937 1545 1993 nondum

400 2032 466 2082 erat
476 2032 549 2081 nota
561 2026 657 2081 Mallii
668 2033 699 2082 et
711 2027 867 2098 Caepionis
881 2026 1037 2095 discordia,
1051 2026 1225 2098 ingentibus
1237 2028 1330 2098 copiis
1342 2026 1546 2083 Romanorum

400 2117 573 2187 perspectis,
602 2115 676 2170 adeo
704 2118 858 2188 perterriti
879 2123 960 2186 sunt,
988 2122 1022 2170 ut
1043 2116 1159 2188 legatos
1185 2116 1221 2172 de
1240 2134 1311 2189 pace
1331 2117 1367 2172 ad
1393 2118 1544 2195 consulem

400 2203 536 2258 Mallium
550 2206 722 2274 nritterent;
743 2223 808 2259 cum
825 2223 895 2262 vero
911 2206 1018 2276 Caepio
1031 2205 1061 2260 id
1075 2223 1164 2276 aegre
1177 2205 1279 2276 ferret,
1295 2206 1331 2262 ad
1345 2192 1413 2262 eum
1429 2225 1546 2280 quoque

399 2295 516 2364 legatos
535 2295 682 2348 miserunt
696 2295 789 2366 (recte
803 2301 905 2350 censet
917 2295 1049 2350 Dieckm.
1065 2296 1161 2351 locum
1176 2297 1279 2352 Dionis
1292 2298 1466 2352 mutilatum
1480 2315 1544 2354 esse

400 2389 468 2456 post
487 2386 689 2456 ἐπρεσβεύσαντο,
708 2391 799 2456 atque
827 2385 867 2439 ibi
896 2385 1056 2458 legendum
1076 2404 1141 2442 esse
1170 2389 1328 2460 πρεσβευτῶν
1355 2389 1382 2442 δὲ
1411 2391 1457 2444 καὶ
1484 2395 1546 2462 πρὸς

401 2474 478 2528 αὐτὸν
497 2475 684 2546 ἀφικομένων)
704 2479 817 2529 temere
831 2476 927 2545 igitur
941 2475 1144 2532 Mommsenus
1158 2476 1188 2548 (1.
1201 2495 1241 2536 m.
1253 2495 1280 2548 p.
1294 2477 1358 2550 177)
1371 2483 1402 2532 et
1420 2479 1545 2534 Nitzsoh

399 2562 493 2635 (Rom.
515 2565 549 2620 C.
568 2563 600 2617 ΙΙ
614 2581 640 2635 p.
661 2563 724 2636 123)
736 2562 973 2618 adfirmaverunt
986 2563 1162 2636 Caepionsn,
1176 2583 1267 2636 quum
1280 2567 1545 2624 animadvertisset

399 2652 534 2731 Mallium
550 2671 616 2708 cum
635 2653 823 2708 Cimbrorum
837 2653 947 2726 legatis
973 2672 1073 2726 agere,
1096 2656 1227 2712 veritum
1252 2673 1290 2710 ne
1316 2656 1367 2712 ille
1386 2658 1467 2714 solua
1486 2658 1545 2730 glo·

400 2743 476 2796 riam
505 2743 680 2798 conciliatae
709 2746 791 2814 pacis
815 2745 1050 2814 nancisceretur,
1079 2747 1183 2800 statim
1211 2747 1242 2800 in
1268 2746 1370 2802 hostes
1396 2765 1463 2802 cum
1490 2766 1544 2804 suo

401 2833 535 2886 exercitu
554 2833 698 2903 impetum
717 2833 823 2888 fecisse
843 2835 882 2904 (v.
908 2833 1040 2888 Dieckm.
1067 2853 1093 2906 p.
1108 2834 1162 2906 31).
1189 2865 1223 2876 -
1242 2851 1328 2905 apros
1353 2867 1385 2877 -
1411 2836 1545 2910 cererem]

400 2919 470 2975 Veri
489 2920 675 2975 simillimum
700 2927 746 2977 est
767 2921 910 2989 Cimbros,
939 2923 1076 2993 quamvis
1105 2928 1221 2994 partem
1253 2923 1451 2980 Romanorum
1479 2944 1547 2981 cum

400 3009 510 3066 Scauro
528 3010 694 3083 fugassent,
713 3012 887 3083 ingentibus
906 3015 998 3084 copiis
1018 3013 1115 3066 Mallii
1136 3018 1166 3068 et
1188 3013 1343 3085 Caepionis
1358 3019 1543 3087 perterritos

399 3099 519 3156 easdem
538 3100 726 3157 condiciones
745 3103 826 3173 pacis
846 3105 1036 3174 proposuisse
1055 3121 1129 3174 quas
1148 3121 1227 3158 anno
1249 3105 1302 3158 615
1325 3105 1443 3162 Silanus
1463 3124 1544 3162 recu-

400 3191 537 3259 savisset,
551 3209 646 3262 neque
656 3191 783 3263 amplius
794 3192 994 3263 postulavisse
1011 3211 1100 3264 quam
1114 3211 1203 3265 agros
1213 3193 1455 3266 frumentumque
1465 3196 1543 3268 quod

400 3285 553 3350 sererent;
573 3298 642 3336 nam
660 3281 734 3336 haec
751 3281 871 3336 demum
891 3287 979 3338 erant
997 3301 1073 3353 quae
1094 3285 1222 3338 maxime
1246 3284 1413 3355 cupiebant.
1437 3285 1544 3356 Itaque

399 3387 460 3424 non
478 3375 560 3426 recte
578 3370 771 3426 Franckeuus
796 3373 942 3444 suspicari
966 3372 1088 3428 videtur
1106 3373 1134 3444 (l.
1154 3391 1192 3428 m.
1212 3391 1239 3444 p.
1263 3375 1328 3446 262)
1355 3375 1545 3430 Licinianum

400 3458 449 3513 hic
463 3477 579 3531 quoque
593 3465 729 3531 tempora
742 3460 920 3530 confudisse,
934 3479 1001 3516 cum
1017 3461 1054 3516 ad
1067 3480 1179 3517 annum
1193 3464 1245 3516 649
1259 3464 1340 3534 pacis
1355 3463 1543 3520 condiciones

399 3549 555 3604 retulisset
573 3567 647 3620 quas
666 3549 778 3605 Cimbri
797 3569 875 3606 anno
905 3552 957 3606 645
981 3551 1081 3606 Silano
1103 3555 1337 3624 proposuissent.
1357 3585 1391 3594 -
1410 3555 1545 3612 maxim

396 3655 471 3708 pars
497 3670 528 3681 -
553 3640 644 3694 deleta
672 3638 722 3713 eet]
740 3641 758 3694 i.
783 3657 807 3695 e.
831 3641 987 3714 Caepionis
1015 3643 1174 3709 exercitus,
1203 3644 1254 3713 qui
1282 3644 1373 3698 etiam
1402 3643 1544 3700 Sallustio

400 3727 475 3798 (Iup.
496 3729 566 3799 114),
586 3727 690 3783 Tacito
708 3730 818 3800 (Germ.
836 3729 892 3800 37),
912 3730 1025 3786 Velleio
1044 3731 1094 3801 (Il,
1111 3732 1153 3799 12,
1167 3733 1205 3803 2),
1218 3731 1312 3788 Dione
1327 3733 1357 3805 (l.
1377 3735 1428 3806 m.)
1446 3740 1544 3790 aucto-

399 3817 491 3886 ribus,
510 3817 647 3873 devictus
666 3823 713 3874 est
732 3837 822 3892 prope
842 3821 1040 3876 drausionem
1059 3821 1115 3894 (pr.
1136 3822 1238 3878 Nonas
1257 3822 1400 3880 Octobres
1414 3824 1449 3879 cf.
1463 3824 1543 3879 Plut.

399 3909 472 3962 Luc.
491 3909 555 3980 27);
575 3914 688 3977 contra,
709 3909 760 3964 sed
780 3927 944 3982 perperam,
964 3909 1078 3965 cladem
1097 3912 1193 3966 Mallii
1212 3917 1283 3968 ante
1310 3913 1466 3985 Caepionis
1495 3931 1543 3986 po·

401 4001 479 4053 nunt
497 3995 620 4054 Orosius
638 3998 682 4068 (V,
702 3999 745 4067 16,
768 4000 803 4071 1),
823 4001 986 4071 Eutropius
999 4001 1044 4070 (V,
1060 4001 1096 4072 1),
1111 4001 1218 4058 Florus
1236 4002 1274 4075 (I,
1287 4004 1331 4074 38,
1345 4003 1374 4078 4)
1389 4018 1395 4071 ;
1410 4003 1488 4074 quod
1501 4009 1543 4058 at·

401 4085 479 4141 tinet
498 4085 535 4142 ad
554 4087 619 4143 Liv.
640 4105 702 4160 per.
722 4087 756 4143 67
776 4106 803 4145 v.
822 4089 888 4146 siv.
906 4089 941 4145 di
955 4090 995 4160 fit.
1017 4090 1036 4144 l.
1056 4108 1092 4144 m.
1113 4109 1141 4162 p.
1159 4091 1221 4146 282.

842 4325 1100 4354 ...-...4>.---
