3658 5424
908 495 1069 554 ..12-

415 630 740 696 peronsseruntdncern.
751 629 950 688 summissis
964 629 1106 687 Antiochi
1119 637 1150 688 et
1164 631 1278 688 Dianae
1292 633 1406 704 nuptiis
1419 632 1496 704 quod
1508 632 1560 688 Se-

417 731 491 770 neca
505 715 603 786 (Suae.
623 717 647 786 Ι,
667 736 693 789 p.
712 719 780 772 4-17
801 719 874 791 seq.)
886 718 922 774 de
941 719 1176 776 Atheniensibus
1190 722 1291 791 refert,
1305 724 1323 777 i.
1338 739 1362 778 e.
1376 740 1460 778 suam
1473 722 1559 778 deam

417 803 570 860 Palladem
589 807 740 863 Athenam
768 809 901 864 Antonio
920 827 1043 866 uxorem
1072 810 1143 865 dare
1162 811 1293 868 voluisse
1317 817 1407 884 atque
1435 815 1466 868 in
1494 814 1558 868 eius

416 893 516 949 dotem
535 897 617 952 mille
636 898 753 953 talenta
772 899 908 955 conferre
928 901 1025 956 iussos
1044 917 1118 956 esse.
1493 945 1497 951 -

468 983 502 1039 B.
517 985 655 1060 Graccho]
666 987 729 1042 Tib.
745 987 937 1060 Sempronius
947 989 1102 1046 Gracchus
1116 991 1220 1047 consul
1238 1009 1317 1048 anno
1330 1010 1358 1049 u.
1371 991 1432 1060 tri,
1446 994 1558 1048 iterum

416 1089 494 1128 anno
505 1074 566 1144 591,
576 1075 687 1131 Tiberii
698 1081 728 1132 et
739 1077 795 1132 Gai
805 1078 994 1135 tribunorum
1005 1079 1100 1151 plebis
1110 1085 1204 1152 pater,
1215 1082 1263 1138 vir
1273 1081 1353 1137 domi
1363 1081 1493 1154 bellique
1501 1081 1557 1136 ola-

415 1179 476 1230 rus,
487 1162 523 1219 de
538 1183 596 1235 quo
606 1165 685 1221 infra
694 1167 772 1224 vide.
786 1198 816 1210 -
828 1171 934 1224 terrore
953 1169 1104 1244 nocturno]
1113 1170 1250 1228 Vidimus
1269 1171 1416 1245 quomodo
1429 1173 1558 1244 scriptor

414 1251 446 1306 II
457 1253 506 1308 lib.
516 1257 649 1312 Maccah.
671 1257 853 1313 Antiochum
873 1260 1049 1315 morientem
1069 1261 1175 1330 faciat;
1195 1263 1340 1333 inpriore
1359 1261 1557 1318 librocontra

414 1343 542 1414 legimus
561 1363 628 1402 eum
648 1347 808 1419 phthiriasi
826 1355 1033 1422 consumptum
1056 1363 1123 1407 esse'
1139 1351 1188 1423 (de
1207 1369 1266 1423 qua
1284 1352 1364 1408 fama
1383 1370 1411 1413 v.
1423 1353 1555 1408 Dieckm.

413 1450 440 1504 p.
455 1433 552 1506 18-19).
566 1435 621 1490 Sed
632 1436 783 1508 Polybius,
794 1439 872 1494 unde
882 1457 934 1510 per
944 1440 1072 1509 Livium,
1083 1442 1130 1494 uti
1139 1458 1194 1497 nos
1205 1443 1420 1509 existimemus,
1430 1443 1504 1497 haec
1514 1459 1555 1498 re·

414 1541 481 1577 rum
493 1523 684 1596 syriacorum
697 1530 833 1584 narratio
845 1529 883 1583 ad
896 1529 1084 1585 Licinianum
1099 1531 1191 1596 venit,
1210 1531 1353 1586 Antiochi
1366 1531 1554 1604 expeditione

414 1614 445 1668 in
455 1613 631 1686 Elymaiden
643 1617 685 1687 (v.
694 1619 796 1692 supra)
807 1626 980 1689 memorata,
992 1619 1093 1674 addit:
1108 1623 1252 1695 ἀναχωρῶν
1271 1624 1297 1676 ὲν
1310 1622 1411 1693 Τάβαις
1421 1633 1470 1696 τῆς
1481 1621 1554 1696 Περ-

411 1703 483 1766 citor
502 1704 598 1768 ἐξέλιπε
617 1711 660 1762 τὸν
680 1708 734 1778 βίον
747 1709 915 1783 δαιμονήοοις,
934 1713 969 1773 ὡς
988 1709 1140 1784 inciperci,
1159 1711 1202 1765 διὰ
1220 1716 1249 1766 τὸ
1267 1715 1392 1786 γενέσθαι
1410 1717 1477 1776 τινὰς
1497 1713 1554 1767 ἐπι-

412 1797 542 1868 σημασίας
559 1807 603 1852 ποῦ
623 1798 759 1871 δαιμονίου
786 1804 854 1853 κατὰ
872 1803 921 1874 τὴν
938 1808 997 1874 περὶ
1024 1803 1053 1854 τὺ
1081 1803 1263 1875 προειρημένον
1290 1803 1357 1876 ἱερὸν
1384 1804 1553 1876 παρανομίαν.

410 1883 491 1948 Quae
510 1887 590 1941 inter
609 1905 641 1943 se
660 1888 862 1961 discrepantia
880 1896 971 1959 atque
998 1889 1078 1946 fictis
1096 1890 1205 1948 fabulis
1234 1898 1382 1949 exornata
1401 1892 1437 1948 de
1456 1899 1553 1949 morte

409 1975 552 2031 Antiochi
570 1979 602 2032 in
621 1979 775 2034 hominum
794 1980 981 2036 sermonibus
1000 1981 1121 2052 fuerint,
1136 1983 1204 2038 vide
1218 1983 1296 2054 apud
1310 1983 1418 2038 Flathe
1431 1983 1550 2056 (Gesch.

409 2063 526 2120 Maked.
537 2067 568 2121 II
579 2086 606 2139 p.
616 2069 689 2141 593).
700 2101 733 2111 -
744 2087 849 2141 corpus
859 2069 921 2125 aas
931 2070 996 2145 eta]
1014 2072 1113 2128 Aliter
1127 2071 1206 2144 apud
1221 2074 1352 2128 Maccab.
1367 2071 1408 2140 II,
1425 2073 1448 2138 1,
1462 2073 1506 2126 29.
1517 2103 1551 2114 -

410 2161 484 2216 dnos
493 2163 614 2217 colossos
623 2158 684 2233 etc]
692 2159 727 2214 Id
737 2159 856 2230 quidem
864 2159 996 2232 Daphne,
1005 2161 1183 2216 Antioohiae
1193 2161 1381 2230 insuburbio,
1390 2163 1434 2216 ite
1444 2167 1478 2216 ut
1488 2161 1552 2218 haec

409 2269 462 2323 pro
481 2250 533 2306 illa
552 2251 701 2305 nominari
720 2251 824 2320 possit.
843 2249 887 2305 De
905 2249 988 2306 Iovis
1007 2249 1137 2323 Olympii
1156 2250 1317 2323 Nicephori
1336 2251 1458 2320 colosso,
1478 2269 1552 2307 auro

409 2347 439 2396 et
459 2341 549 2395 ebure
567 2339 681 2408 fictum,
700 2338 737 2394 ad
755 2338 837 2395 illius
856 2338 992 2395 Phidiaci
1020 2340 1248 2396 similitudinem
1267 2359 1294 2398 v.
1315 2347 1434 2413 praeter
1453 2341 1551 2396 Amm.

407 2431 541 2486 Marcell.
560 2429 641 2502 (XII,
661 2430 703 2496 13,
724 2429 759 2500 1),
772 2428 923 2484 Oavedoni
941 2429 971 2501 (l.
992 2447 1030 2486 m.
1050 2448 1076 2502 p.
1092 2431 1164 2503 139),
1184 2433 1234 2502 qui
1249 2432 1404 2486 existimet
1423 2429 1552 2502 effigiem
1599 2447 1602 2452 ’

407 2519 489 2576 lovis
508 2519 637 2592 Olympii
656 2519 789 2575 sedentis
807 2521 1026 2591 victoriamque
1039 2520 1152 2576 dextra*
1166 2522 1298 2576 tenentis
1317 2523 1348 2576 in
1361 2519 1551 2576 Seleueorum

406 2611 536 2665 nummis
546 2609 675 2681 primum
686 2602 859 2680 apparuisse
919 2608 1018 2664 tiocho
1028 2609 1182 2681 Epiphane
1192 2609 1234 2666 IV
1243 2615 1390 2682 regnante
1400 2609 1447 2682 (cf.
1454 2609 1551 2664 Ower·

406 2700 543 2754 beokium
562 2717 579 2752 a
601 2699 802 2753 Dieckmenno
894 2717 946 2770 .p.
966 2699 1021 2770 90).
1048 2698 1132 2765 Quod
1160 2699 1198 2754 ad
1227 2699 1427 2772 Capitolinum
1446 2698 1550 2754 Iovem

406 2791 525 2858 attinet,
544 2789 619 2844 haec
637 2793 757 2842 tantum
777 2805 813 2843 ex
832 2787 959 2844 Liviana
978 2788 1043 2843 loco
1071 2789 1233 2856 habemus,
1253 2791 1304 2860 qui
1332 2789 1456 2844 mutilus
1485 2793 1550 2844 est:

405 2878 574 2934 Antiochiae
593 2877 671 2933 Iouis
685 2877 846 2947 Capitolini
862 2877 1051 2948 mapnificnrn
1064 2880 1203 2948 temptum
1218 2895 1278 2933 non
1296 2881 1464 2950 laqueatam
1477 2894 1550 2932 auro

406 2972 528 3037 tantum,
547 2969 598 3023 sed
614 2967 779 3038 parietibus
799 2967 864 3022 totis
882 2967 994 3022 lamina
1013 2967 1187 3023 inauratam
1206 2967 1305 3023 etalio
1323 2971 1415 3023 multa
1437 2967 1470 3023 in
1483 2967 1551 3022 aliis

404 3059 473 3114 locis
492 3057 647 3128 pollicitus,
667 3057 739 3128 quia
755 3059 890 3126 perbreve
908 3059 1021 3126 ternpus
1047 3056 1131 3127 repni
1158 3057 1221 3112 eius
1245 3057 1314 3126 fuit,
1343 3073 1402 3112 non
1428 3055 1551 3126 perfecit

404 3147 495 3218 (XLI,
515 3148 570 3218 20).
588 3179 623 3187 -
642 3148 810 3203 duodenum
829 3145 901 3219 enh]
915 3143 1054 3202 Oolossus
1068 3145 1151 3202 Iovis
1167 3145 1304 3217 Olympii,
1318 3145 1481 3201 secundum
1494 3145 1548 3200 Ar-

405 3237 527 3292 nobium
546 3236 624 3308 (adu.
643 3237 705 3290 nat.
719 3234 769 3301 VI,
782 3235 836 3304 21),
850 3234 984 3289 cubitum
998 3234 1100 3290 decem
1115 3240 1190 3304 erat,
1204 3234 1372 3306 quindecim
1386 3235 1548 3290 secundnm

404 3327 494 3382 Olem.
513 3326 599 3380 Alex.
614 3326 777 3405 (Protrept.
796 3325 821 3392 4,
841 3325 896 3397 52).
916 3355 948 3366 -
967 3341 1004 3380 cac
1022 3326 1136 3398 Media)
1158 3325 1341 3380 Antiochum
1368 3327 1399 3380 iu
1418 3325 1547 3380 Mediam

403 3434 434 3472 se
454 3416 616 3472 contulisse
636 3433 672 3470 ex
691 3415 723 3469 II
743 3417 942 3471 Maccahaeor.
963 3414 1000 3486 (9,
1019 3415 1048 3488 3)
1076 3420 1166 3486 atque
1195 3432 1232 3470 ex
1250 3415 1401 3486 Stephano
1419 3415 1491 3486 Byn.
1511 3417 1544 3484 (s.

400 3505 564 3578 Ἀγβάτανα)
582 3510 715 3576 apparet.
737 3535 771 3545 -
793 3503 959 3576 Olympioni
986 3505 1005 3557 i.
1031 3520 1055 3558 e.
1080 3503 1223 3574 templum
1243 3503 1325 3560 Iovis
1345 3501 1475 3574 Olympii
1493 3519 1546 3556 cu·

401 3597 448 3651 ius
467 3593 662 3650 fundamenta
681 3594 835 3649 Pisistrati
859 3592 1044 3667 temporibus
1070 3594 1167 3664 posita
1194 3597 1266 3648 sunt
1280 3593 1419 3664 (Aristot.
1433 3593 1496 3646 Pol.
1510 3591 1543 3657 V,

401 3686 426 3754 9,
445 3686 463 3738 4
481 3695 524 3740 τοῦ
543 3684 686 3757 Ὀλυμπίου
704 3686 724 3756 ἡ
742 3683 912 3756 οἰκοδόμησις
932 3684 979 3737 ὑπὸ
998 3692 1048 3737 τῶν
1067 3681 1298 3756 Πεισιστρατιδῶν),
1313 3681 1364 3738 sed
1378 3680 1546 3737 aedificatio

400 3775 575 3849 imperfecta
603 3778 808 3845 permanserat
836 3773 924 3846 (Vitr.
943 3772 962 3826 1.
981 3790 1038 3827 m.:
1056 3772 1176 3828 Athenis
1203 3773 1385 3828 Antisthenes
1411 3775 1438 3826 et
1463 3770 1545 3827 Anti·

399 3865 546 3921 enachides
557 3867 584 3919 et
602 3863 726 3919 Porinos
738 3862 886 3919 architecti
900 3861 1055 3918 Pisistrato
1068 3865 1169 3918 aedem
1182 3862 1246 3918 lovi
1268 3861 1401 3935 Olympio
1421 3861 1545 3930 fanereti

396 3955 594 4025 furtdanrenta
612 3953 844 4022 constituerunt;
858 3955 927 4024 post
948 3955 1067 4008 mortem
1086 3956 1184 4008 autern
1197 3951 1259 4007 eius
1274 3955 1396 4022 propter
1414 3951 1544 4022 interpel-

397 4044 532 4100 lationem
560 4042 740 4113 reipnbticae
767 4043 883 4112 incepta
910 4042 1108 4114 reliquerunt).
1135 4041 1223 4096 Hanc
1242 4040 1410 4095 Antiochus
1437 4057 1543 4095 rursus

398 4134 526 4203 sumpsit
545 4137 634 4202 atque
663 4131 820 4202 magnifice
849 4137 1023 4203 persecutus
1052 4137 1099 4186 est
1127 4130 1242 4204 (Polyb.
1271 4128 1373 4185 XXVI
1395 4132 1417 4197 1,
1441 4129 1553 4198 1011)-

398 4222 464 4277 Liv.
483 4221 563 4290 XLI,
582 4223 625 4289 20,
644 4221 767 4290 83Vitr.
779 4221 798 4274 l.
811 4237 861 4288 m.;
877 4219 952 4276 Vell.
966 4219 1031 4274 Pat.
1042 4219 1066 4284 I,
1078 4220 1112 4276 10
1128 4241 1140 4270 ‹
1154 4218 1323 4276 inchoavit»
1338 4229 1397 4272 non
1411 4219 1486 4274 sctis
1499 4235 1543 4272 ac·

399 4317 502 4366 curate
521 4310 618 4366 dicere
637 4309 775 4380 videtur),
795 4309 846 4364 sed
866 4307 903 4364 ed
922 4307 1012 4364 finem
1031 4326 1090 4364 non
1110 4307 1258 4380 perduxit,
1277 4324 1352 4378 quae
1367 4306 1463 4378 gloria
1482 4307 1542 4361 Ha-

399 4401 504 4455 drieno
531 4400 705 4470 Imperatori
733 4404 855 4454 servata
878 4403 933 4454 est.
961 4397 1076 4453 Nomou
1109 4396 1318 4469 ‹Olympion›
1349 4396 1425 4450 nihil
1449 4396 1540 4451 habet

399 4489 477 4561 quod
491 4487 628 4558 offendat,
643 4505 713 4543 nam
726 4495 760 4542 ut
772 4486 885 4543 Graece
898 4487 1067 4560 Ὀλυμπίειον
1079 4487 1187 4558 (serius
1205 4484 1367 4558 Ὀλύμπιον),
1380 4486 1424 4539 ita
1433 4484 1541 4540 Latine

399 4579 581 4652 Olympienrn
595 4584 628 4636 et·
646 4577 813 4652 Olympium
832 4577 987 4634 dicebatur
1004 4578 1044 4651 (v.
1064 4576 1142 4632 Keil.
1163 4576 1181 4631 l.
1195 4593 1232 4632 m.
1253 4580 1283 4632 et
1296 4575 1428 4632 Dieckm.
1439 4592 1467 4647 p.
1481 4574 1556 4647 23.).

837 4738 1099 4767 ...-4›---
