3658 5424
764 493 923 556 ...49-

684 895 791 972 LIB.
822 894 994 972 XXXV.
1086 882 1088 888 ¹

340 1149 411 1214 rol.
437 1149 480 1213 II
499 1169 538 1230 r,
559 1167 639 1232 pap.
664 1146 770 1210 40-41
790 1167 838 1230 p,
862 1146 1012 1230 popdd
1037 1146 1076 1210 B.
1117 1161 1120 1168 ’

273 1312 305 1378 Α
340 1307 585 1396 Paphlagonia
610 1306 796 1393 decederet,
822 1305 906 1371 item
923 1305 1169 1391 Gallograecis.
1203 1309 1241 1387 Q.
1261 1307 1411 1394 Oppium

340 1424 374 1482 et
397 1419 454 1482 M!
479 1414 662 1500 Aquilium
686 1415 819 1499 legatos
843 1413 1010 1500 redderet,
1037 1413 1120 1478 item
1142 1419 1272 1480 ceteros
1297 1414 1410 1480 omnis

340 1523 506 1610 captivos,
533 1544 677 1607 quorum
695 1541 765 1586 non
782 1542 910 1607 parvus
927 1543 1090 1585 numerus
1106 1526 1189 1616 erat,
1208 1520 1410 1597 dimitteret.

339 1633 382 1697 In
409 1629 531 1718 primis
564 1627 698 1716 excepti
729 1627 942 1714 Macedones
976 1611 1121 1712 quorum
1153 1627 1237 1694 fides
1262 1627 1410 1714 insignis

340 1738 463 1823 fuerat,
491 1743 529 1802 ut
553 1759 676 1802 uxores
699 1741 734 1800 et
758 1735 859 1802 liberi
883 1734 1124 1820 redderentur3
1150 1741 1327 1822 praeterea
1353 1757 1412 1799 na-

340 1868 399 1912 ves
432 1847 534 1910 LXX
558 1849 666 1908 tectas
697 1843 884 1909 instructas
915 1841 1016 1908 sociis
1046 1843 1152 1928 daret,
1185 1842 1410 1930 frumentum,

341 1958 483 2039 vestem,
509 1951 722 2038 stipendium
746 1951 819 2038 ipse
851 1956 1053 2038 praestaret.
1088 1951 1154 2016 His
1178 1951 1252 2038 ipse
1276 1951 1412 2016 Mithri-

342 2059 437 2126 dates
469 2082 547 2124 oum
579 2059 676 2150 Sulla
705 2057 797 2145 apud
828 2058 1030 2124 Dardanum
1058 2057 1268 2146 compositis,
1298 2058 1412 2144 gratia

305 2165 311 2176 ’
342 2169 379 2234 P.
397 2167 439 2233 R.
464 2165 697 2256 reconciliata,
722 2165 1010 2232 Ariobardianem
1034 2171 1073 2229 ut
1102 2188 1241 2231 servum
1264 2165 1410 2252 respuit3

343 2273 477 2360 reliqua
501 2275 608 2339 classe
632 2273 669 2338 in
693 2275 844 2338 Pontum
861 2272 1100 2360 proficiscitur.
1120 2295 1159 2336 ac
1176 2271 1258 2336 dum
1276 2273 1317 2337 de
1334 2295 1412 2337 con-

342 2380 536 2446 dicionibus
554 2380 775 2468 disceptatur,
802 2379 942 2444 Maedos
959 2385 993 2444 et
1017 2379 1207 2466 Dardanos,
1226 2379 1285 2465 qui
1302 2378 1411 2446 socios

275 2491 316 2556 B.
340 2489 549 2575 velxabant,
583 2487 789 2553 Hortensius
813 2488 948 2572 legatus
984 2486 1177 2572 fugaverat.
1203 2488 1277 2574 ipse
1313 2487 1411 2552 Sulla

341 2595 530 2660 exercitum
554 2595 593 2660 in
609 2595 781 2660 Maedianr
799 2594 983 2659 induxerat
1000 2594 1095 2682 prius
1113 2617 1216 2680 quam
1236 2595 1274 2659 in
1290 2594 1410 2661 Asiam

342 2702 386 2768 ad
409 2702 631 2789 conloquium
656 2702 828 2770 transiret.
853 2725 920 2788 quo
944 2701 1125 2768 Dardanos
1141 2708 1175 2767 et
1198 2702 1409 2789 Denseletae,

340 2810 448 2876 caesis
473 2811 630 2876 hostibus
653 2810 712 2896 qui
736 2811 975 2876 Macedoniam
999 2810 1183 2898 vexabant,
1202 2809 1240 2874 in
1268 2808 1412 2876 deditio-

340 2941 419 2983 nem
444 2917 584 3005 recepit.

408 3026 547 3113 Ephesi,
573 3025 685 3091 causis
709 3025 868 3113 cognitis,
906 3027 1081 3114 principes
1116 3026 1200 3092 belli
1235 3025 1410 3091 securibus

341 3140 450 3221 necat,
476 3133 636 3200 civitates
660 3133 807 3220 pecunia
839 3135 975 3220 multat,
1009 3133 1136 3221 oppida
1164 3134 1338 3221 impacata
1362 3157 1411 3198 re·

342 3239 432 3326 digit
449 3241 484 3304 in
502 3264 599 3307 suam
616 3246 833 3327 potestatem.
851 3240 1033 3306 Nicomedi
1050 3264 1195 3326 regnum
1219 3240 1411 3326 Bithyniae

341 3349 493 3413 restituit
510 3399 882 3414 ...............
893 3399 907 3412 ,.
923 3347 1029 3413 comis
1046 3354 1079 3412 et
1096 3347 1328 3412 mansuetior.
1349 3399 1354 3410 .
1376 3399 1383 3413 .
1401 3398 1410 3414 .

260 3491 263 3497 Δ
341 3477 445 3540 quarn
464 3505 864 3522 ................
882 3453 1015 3519 foveret
1038 3453 1207 3520 Romanis
1223 3453 1357 3518 delatus
1376 3503 1408 3517 ..

343 3613 689 3628 ..............
714 3561 891 3628 invocaret
914 3560 1018 3626 fidem
1042 3584 1104 3648 per
1130 3559 1250 3626 nefas.
1271 3611 1276 3624 .
1296 3613 1303 3627 .
1323 3612 1330 3626 .
1349 3613 1356 3627 .
1376 3612 1409 3627 ..

315 3976 348 4025 A.
365 3974 557 4040 Paphlapom'c]
575 3989 639 4026 cum
656 3974 793 4040 Bithynia
810 3979 838 4025 et
850 3974 1043 4039 Paphlagonia
1055 3973 1247 4024 enumeranda
1258 3977 1320 4024 erat
1330 3973 1424 4044 etiam·

267 4054 447 4119 Cappadocia,
465 4071 550 4119 quam
568 4061 601 4105 ut
613 4056 732 4106 Franck.
744 4055 904 4119 suspicatur
919 4059 956 4119 (p.
972 4055 1036 4118 259),
1054 4054 1188 4106 librarius
1204 4053 1307 4104 omisit.
1317 4081 1347 4090 —
1359 4054 1415 4118 M.’]

267 4137 305 4198 B.¹
322 4137 352 4186 M
370 4135 429 4186 cod.
446 4164 475 4174 -
492 4136 588 4200 vestem]
606 4136 658 4200 M.;
673 4136 708 4184 eis
722 4142 744 4186 et
760 4140 793 4198 (et
809 4135 895 4186 etiam
916 4140 982 4186 ante
999 4137 1162 4198 frumentum)
1179 4137 1215 4197 B,
1233 4133 1281 4185 sed
1299 4149 1356 4184 non
1372 4149 1416 4184 re-

266 4221 323 4280 cte3
339 4224 427 4266 certem
443 4215 517 4267 enim
536 4215 572 4266 ad
589 4215 776 4280 supplendum
799 4215 892 4266 locum
910 4215 939 4266 in
965 4215 1024 4268 cod.
1049 4221 1215 4280 corruptum
1232 4215 1416 4278 (FRUMEN-
1444 4249 1446 4252 -

266 4297 375 4350 TUMrr
392 4298 457 4360 sol)
473 4297 577 4361 optime
594 4295 725 4361 quadrat,
743 4303 777 4347 ut
793 4297 869 4348 Livii
886 4297 945 4348 loco
961 4297 1021 4360 (IX,
1039 4287 1082 4359 43)
1098 4314 1114 4347 a
1132 4297 1241 4347 Pertaio
1266 4296 1354 4346 allato
1368 4294 1416 4347 de-

267 4383 458 4429 monstretur:
476 4384 528 4428 tuor
551 4379 630 4428 trium
648 4379 768 4428 niensium
783 4379 910 4441 frumento
933 4378 1060 4441 imperato
1083 4385 1106 4428 et
1130 4395 1215 4427 annuo
1232 4376 1358 4439 stipendio
1381 4394 1414 4427 ac

266 4459 372 4522 singulis
387 4460 414 4508 in
430 4460 532 4509 militem
548 4460 655 4518 laniatu
680 4475 706 4510 v.
723 4460 808 4510 etiem
830 4459 907 4510 Plus.
923 4457 1001 4523 (Sall.
1017 4461 1066 4522 25).
1084 4486 1113 4496 -
1130 4459 1177 4524 his]
1196 4460 1238 4524 B.;
1264 4461 1285 4509 is
1309 4457 1369 4510 cod.
1385 4487 1416 4496 -

267 4539 413 4605 apud]M.;
433 4539 502 4600 QUI
516 4538 575 4590 cod.
596 4568 624 4577 -
642 4541 676 4590 P.
693 4539 735 4604 a]
755 4540 840 4605 Bau
864 4539 923 4590 cod.
941 4568 970 4576 —
986 4540 1095 4605 reliquo]
1114 4539 1189 4604 cod.;
1212 4539 1301 4589 relicta
1327 4538 1363 4590 M.
1386 4564 1415 4574 -

264 4621 353 4683 qratia
363 4621 397 4672 P.
414 4621 447 4672 R.
459 4621 621 4672 reconciliata
637 4649 667 4658 -
682 4621 861 4686 proficiscitur]
872 4620 912 4672 sic
929 4625 1011 4684 recte,
1029 4630 1063 4672 ut
1080 4620 1109 4672 in
1127 4625 1210 4672 textu
1227 4620 1415 4683 exhibuimus,

1234 4723 1252 4777 4
