<?xml version="1.0" encoding="UTF-8"?>
<!DOCTYPE html PUBLIC "-//W3C//DTD XHTML 1.0 Transitional//EN"
    "http://www.w3.org/TR/xhtml1/DTD/xhtml1-transitional.dtd">
<html xmlns="http://www.w3.org/1999/xhtml" xml:lang="en" lang="en">
 <head>
  <title>
</title>
<meta http-equiv="Content-Type" content="text/html;charset=utf-8" />
  <meta name='ocr-system' content='tesseract 3.04.00' />
  <meta name='ocr-capabilities' content='ocr_page ocr_carea ocr_par ocr_line ocrx_word'/>
</head>
<body>
  <div class='ocr_page' id='page_1' title='image "./quaesupersunt00licigoog_0047.png"; bbox 0 0 3658 5424; ppageno 0'>
   <div class='ocr_carea' id='block_1_1' title="bbox 890 491 1050 551">
    <p class='ocr_par' dir='ltr' id='par_1_1' title="bbox 890 491 1050 551">
     <span class='ocr_line' id='line_1_1' title="bbox 890 491 1050 551; baseline -0.006 -15"><span class='ocrx_word' id='word_1_1' title='bbox 890 491 1050 551; x_wconf 74' lang='lat'>..30-</span> 
     </span>
    </p>
   </div>
   <div class='ocr_carea' id='block_1_2' title="bbox 394 620 1553 4406">
    <p class='ocr_par' dir='ltr' id='par_1_2' title="bbox 394 620 1553 4406">
     <span class='ocr_line' id='line_1_2' title="bbox 395 620 1549 692; baseline -0.001 -16"><span class='ocrx_word' id='word_1_2' title='bbox 395 631 458 692; x_wconf 91' lang='lat' dir='ltr'>post</span> <span class='ocrx_word' id='word_1_3' title='bbox 466 623 575 676; x_wconf 79' lang='lat' dir='ltr'><strong>cladem</strong></span> <span class='ocrx_word' id='word_1_4' title='bbox 588 622 822 674; x_wconf 86' lang='lat' dir='ltr'>Arausionensem</span> <span class='ocrx_word' id='word_1_5' title='bbox 831 621 971 674; x_wconf 86' lang='lat' dir='ltr'>multatus</span> <span class='ocrx_word' id='word_1_6' title='bbox 981 626 1044 673; x_wconf 88' lang='lat' dir='ltr'>erat</span> <span class='ocrx_word' id='word_1_7' title='bbox 1051 620 1090 686; x_wconf 87' lang='lat' dir='ltr'>(id</span> <span class='ocrx_word' id='word_1_8' title='bbox 1104 621 1185 674; x_wconf 82' lang='lat' dir='ltr'>facile</span> <span class='ocrx_word' id='word_1_9' title='bbox 1196 621 1291 688; x_wconf 91' lang='lat' dir='ltr'>colligi</span> <span class='ocrx_word' id='word_1_10' title='bbox 1303 625 1397 687; x_wconf 88' lang='lat' dir='ltr'>potest</span> <span class='ocrx_word' id='word_1_11' title='bbox 1407 638 1443 674; x_wconf 81' lang='lat' dir='ltr'>ex</span> <span class='ocrx_word' id='word_1_12' title='bbox 1454 623 1549 676; x_wconf 88' lang='lat' dir='ltr'>verbis</span> 
     </span>
     <span class='ocr_line' id='line_1_3' title="bbox 395 701 1549 771; baseline -0.001 -14"><span class='ocrx_word' id='word_1_13' title='bbox 395 707 425 757; x_wconf 91' lang='lat' dir='ltr'>ob</span> <span class='ocrx_word' id='word_1_14' title='bbox 440 705 544 756; x_wconf 86' lang='lat' dir='ltr'>eandem</span> <span class='ocrx_word' id='word_1_15' title='bbox 559 722 662 756; x_wconf 74' lang='lat' dir='ltr'>musam</span> <span class='ocrx_word' id='word_1_16' title='bbox 678 721 729 767; x_wconf 77' lang='lat' dir='ltr'>qao</span> <span class='ocrx_word' id='word_1_17' title='bbox 744 701 815 767; x_wconf 85' lang='lat' dir='ltr'>(cod.</span> <span class='ocrx_word' id='word_1_18' title='bbox 831 709 947 771; x_wconf 82' lang='lat' dir='ltr'>quam)et</span> <span class='ocrx_word' id='word_1_19' title='bbox 961 704 1084 768; x_wconf 83' lang='lat' dir='ltr'>Caepio);</span> <span class='ocrx_word' id='word_1_20' title='bbox 1105 718 1171 754; x_wconf 91' lang='lat' dir='ltr'>cum</span> <span class='ocrx_word' id='word_1_21' title='bbox 1190 707 1287 755; x_wconf 88' lang='lat' dir='ltr'>autem</span> <span class='ocrx_word' id='word_1_22' title='bbox 1304 703 1477 768; x_wconf 86' lang='lat' dir='ltr'>pervenisset</span> <span class='ocrx_word' id='word_1_23' title='bbox 1498 705 1549 756; x_wconf 89' lang='lat' dir='ltr'>ubi</span> 
     </span>
     <span class='ocr_line' id='line_1_4' title="bbox 395 783 1549 850; baseline -0.001 -12"><span class='ocrx_word' id='word_1_24' title='bbox 395 792 495 838; x_wconf 89' lang='lat' dir='ltr'>auctor</span> <span class='ocrx_word' id='word_1_25' title='bbox 510 801 581 837; x_wconf 87' lang='lat' dir='ltr'>suus</span> <span class='ocrx_word' id='word_1_26' title='bbox 597 784 631 836; x_wconf 90' lang='lat' dir='ltr'>de</span> <span class='ocrx_word' id='word_1_27' title='bbox 645 786 685 836; x_wconf 88' lang='lat' dir='ltr'>eis</span> <span class='ocrx_word' id='word_1_28' title='bbox 701 785 863 850; x_wconf 89' lang='lat' dir='ltr'>loqueretur</span> <span class='ocrx_word' id='word_1_29' title='bbox 876 799 948 848; x_wconf 90' lang='lat' dir='ltr'>quae</span> <span class='ocrx_word' id='word_1_30' title='bbox 965 799 982 835; x_wconf 89' lang='lat' dir='ltr'>a</span> <span class='ocrx_word' id='word_1_31' title='bbox 998 784 1110 835; x_wconf 85' lang='lat' dir='ltr'>Rutilio</span> <span class='ocrx_word' id='word_1_32' title='bbox 1125 783 1186 835; x_wconf 88' lang='lat' dir='ltr'>sine</span> <span class='ocrx_word' id='word_1_33' title='bbox 1196 784 1304 850; x_wconf 77' lang='lat' dir='ltr'>collega</span> <span class='ocrx_word' id='word_1_34' title='bbox 1320 784 1433 849; x_wconf 87' lang='lat' dir='ltr'>provisa</span> <span class='ocrx_word' id='word_1_35' title='bbox 1445 792 1549 849; x_wconf 81' lang='lat' dir='ltr'><strong>essent,</strong></span> 
     </span>
     <span class='ocr_line' id='line_1_5' title="bbox 395 865 1549 933; baseline -0.001 -14"><span class='ocrx_word' id='word_1_36' title='bbox 395 866 472 933; x_wconf 91' lang='lat' dir='ltr'>quod</span> <span class='ocrx_word' id='word_1_37' title='bbox 491 867 608 918; x_wconf 87' lang='lat' dir='ltr'>Mallius</span> <span class='ocrx_word' id='word_1_38' title='bbox 626 869 718 918; x_wconf 85' lang='lat' dir='ltr'>Roma</span> <span class='ocrx_word' id='word_1_39' title='bbox 734 867 843 918; x_wconf 81' lang='lat' dir='ltr'>abesset</span> <span class='ocrx_word' id='word_1_40' title='bbox 856 881 971 916; x_wconf 85' lang='lat' dir='ltr'>oausam</span> <span class='ocrx_word' id='word_1_41' title='bbox 986 865 1084 916; x_wconf 84' lang='lat' dir='ltr'>afferre</span> <span class='ocrx_word' id='word_1_42' title='bbox 1099 865 1197 928; x_wconf 91' lang='lat' dir='ltr'>voluit,</span> <span class='ocrx_word' id='word_1_43' title='bbox 1209 881 1327 930; x_wconf 90' lang='lat' dir='ltr'>eamque</span> <span class='ocrx_word' id='word_1_44' title='bbox 1338 866 1460 930; x_wconf 88' lang='lat' dir='ltr'>reperire</span> <span class='ocrx_word' id='word_1_45' title='bbox 1470 883 1549 932; x_wconf 86' lang='lat' dir='ltr'>posse</span> 
     </span>
     <span class='ocr_line' id='line_1_6' title="bbox 395 945 1549 1012; baseline -0.001 -12"><span class='ocrx_word' id='word_1_46' title='bbox 395 950 425 1000; x_wconf 92' lang='lat' dir='ltr'>in</span> <span class='ocrx_word' id='word_1_47' title='bbox 441 948 533 999; x_wconf 87' lang='lat' dir='ltr'>Mallii</span> <span class='ocrx_word' id='word_1_48' title='bbox 545 947 629 1000; x_wconf 85' lang='lat' dir='ltr'>exilio</span> <span class='ocrx_word' id='word_1_49' title='bbox 642 947 697 998; x_wconf 90' lang='lat' dir='ltr'>sibi</span> <span class='ocrx_word' id='word_1_50' title='bbox 709 947 785 998; x_wconf 87' lang='lat' dir='ltr'>visus</span> <span class='ocrx_word' id='word_1_51' title='bbox 796 950 845 1008; x_wconf 87' lang='lat' dir='ltr'>est,</span> <span class='ocrx_word' id='word_1_52' title='bbox 860 950 964 998; x_wconf 88' lang='lat' dir='ltr'>temere</span> <span class='ocrx_word' id='word_1_53' title='bbox 976 945 1141 996; x_wconf 84' lang='lat' dir='ltr'>existimans</span> <span class='ocrx_word' id='word_1_54' title='bbox 1154 950 1183 996; x_wconf 88' lang='lat' dir='ltr'>et</span> <span class='ocrx_word' id='word_1_55' title='bbox 1196 945 1327 1002; x_wconf 75' lang='lat' dir='ltr'><strong>Mallium</strong></span> <span class='ocrx_word' id='word_1_56' title='bbox 1340 952 1369 996; x_wconf 89' lang='lat' dir='ltr'>ct</span> <span class='ocrx_word' id='word_1_57' title='bbox 1382 946 1549 1012; x_wconf 83' lang='lat' dir='ltr'>Caepionem</span> 
     </span>
     <span class='ocr_line' id='line_1_7' title="bbox 395 1026 1549 1093; baseline -0.001 -11"><span class='ocrx_word' id='word_1_58' title='bbox 395 1029 491 1082; x_wconf 89' lang='lat' dir='ltr'>eodem</span> <span class='ocrx_word' id='word_1_59' title='bbox 508 1045 582 1080; x_wconf 87' lang='lat' dir='ltr'>anno</span> <span class='ocrx_word' id='word_1_60' title='bbox 595 1029 643 1079; x_wconf 88' lang='grc'>649</span> <span class='ocrx_word' id='word_1_61' title='bbox 653 1028 800 1093; x_wconf 88' lang='lat' dir='ltr'>rogatione</span> <span class='ocrx_word' id='word_1_62' title='bbox 812 1026 960 1079; x_wconf 87' lang='lat' dir='ltr'>Saturnini</span> <span class='ocrx_word' id='word_1_63' title='bbox 972 1043 1060 1092; x_wconf 87' lang='lat' dir='ltr'>poena</span> <span class='ocrx_word' id='word_1_64' title='bbox 1071 1026 1209 1077; x_wconf 89' lang='lat' dir='ltr'>multatos</span> <span class='ocrx_word' id='word_1_65' title='bbox 1220 1042 1286 1077; x_wconf 87' lang='lat' dir='ltr'>esse.</span> <span class='ocrx_word' id='word_1_66' title='bbox 1296 1028 1374 1088; x_wconf 81' lang='lat' dir='ltr'>Quae</span> <span class='ocrx_word' id='word_1_67' title='bbox 1385 1028 1549 1081; x_wconf 88' lang='lat' dir='ltr'>coniectura</span> 
     </span>
     <span class='ocr_line' id='line_1_8' title="bbox 395 1105 1547 1175; baseline -0.002 -12"><span class='ocrx_word' id='word_1_68' title='bbox 395 1117 493 1163; x_wconf 87' lang='lat' dir='ltr'>nostra</span> <span class='ocrx_word' id='word_1_69' title='bbox 509 1109 681 1175; x_wconf 76' lang='lat' dir='ltr'>probabilior</span> <span class='ocrx_word' id='word_1_70' title='bbox 689 1107 836 1161; x_wconf 87' lang='lat' dir='ltr'>videbitur</span> <span class='ocrx_word' id='word_1_71' title='bbox 846 1107 870 1158; x_wconf 88' lang='lat' dir='ltr'>si</span> <span class='ocrx_word' id='word_1_72' title='bbox 882 1107 967 1172; x_wconf 90' lang='lat' dir='ltr'>paulo</span> <span class='ocrx_word' id='word_1_73' title='bbox 979 1107 1054 1158; x_wconf 80' lang='lat' dir='ltr'>inira</span> <span class='ocrx_word' id='word_1_74' title='bbox 1065 1105 1205 1171; x_wconf 77' lang='lat' dir='ltr'><strong>Madvigii</strong></span> <span class='ocrx_word' id='word_1_75' title='bbox 1218 1105 1378 1158; x_wconf 74' lang='lat' dir='ltr'>emendatio</span> <span class='ocrx_word' id='word_1_76' title='bbox 1389 1108 1547 1172; x_wconf 75' lang='lat' dir='ltr'>accipiatur</span> 
     </span>
     <span class='ocr_line' id='line_1_9' title="bbox 396 1185 1547 1253; baseline 0 -14"><span class='ocrx_word' id='word_1_77' title='bbox 396 1212 410 1239; x_wconf 70' lang='lat' dir='ltr'>e</span> <span class='ocrx_word' id='word_1_78' title='bbox 420 1192 487 1242; x_wconf 82' lang='lat' dir='ltr'>eolus</span> <span class='ocrx_word' id='word_1_79' title='bbox 501 1196 635 1253; x_wconf 75' lang='lat' dir='ltr'>supererat</span> <span class='ocrx_word' id='word_1_80' title='bbox 650 1189 839 1253; x_wconf 82' lang='lat' dir='ltr'>reipublicae».</span> <span class='ocrx_word' id='word_1_81' title='bbox 855 1215 886 1225; x_wconf 89' lang='grc'>-</span> <span class='ocrx_word' id='word_1_82' title='bbox 898 1187 1037 1252; x_wconf 82' lang='lat' dir='ltr'>plebiscito]</span> <span class='ocrx_word' id='word_1_83' title='bbox 1054 1189 1152 1249; x_wconf 79' lang='lat' dir='ltr'>Bern.;</span> <span class='ocrx_word' id='word_1_84' title='bbox 1168 1186 1250 1238; x_wconf 81' lang='grc' dir='ltr'><strong>ΟΙΤΟ</strong></span> <span class='ocrx_word' id='word_1_85' title='bbox 1261 1185 1321 1238; x_wconf 93' lang='lat' dir='ltr'>cod.</span> <span class='ocrx_word' id='word_1_86' title='bbox 1337 1214 1368 1225; x_wconf 92' lang='lat'><em>-</em></span> <span class='ocrx_word' id='word_1_87' title='bbox 1386 1187 1501 1239; x_wconf 81' lang='lat' dir='ltr'>Rutilius</span> <span class='ocrx_word' id='word_1_88' title='bbox 1518 1218 1547 1229; x_wconf 95' lang='lat'>-</span> 
     </span>
     <span class='ocr_line' id='line_1_10' title="bbox 395 1267 1547 1340; baseline -0.001 -17"><span class='ocrx_word' id='word_1_89' title='bbox 395 1272 559 1337; x_wconf 87' lang='lat' dir='ltr'>reipublicae]</span> <span class='ocrx_word' id='word_1_90' title='bbox 577 1271 658 1340; x_wconf 30' lang='lat' dir='ltr'>inter,</span> <span class='ocrx_word' id='word_1_91' title='bbox 667 1270 755 1322; x_wconf 85' lang='lat' dir='ltr'>verba</span> <span class='ocrx_word' id='word_1_92' title='bbox 771 1269 886 1332; x_wconf 74' lang='lat' dir='ltr'>‹edlepo</span> <span class='ocrx_word' id='word_1_93' title='bbox 898 1268 1006 1319; x_wconf 81' lang='lat' dir='ltr'>Mallii·</span> <span class='ocrx_word' id='word_1_94' title='bbox 1022 1272 1050 1319; x_wconf 90' lang='lat' dir='ltr'>et</span> <span class='ocrx_word' id='word_1_95' title='bbox 1071 1285 1148 1318; x_wconf 83' lang='lat' dir='ltr'>«eum</span> <span class='ocrx_word' id='word_1_96' title='bbox 1160 1296 1190 1305; x_wconf 95' lang='lat'>—</span> <span class='ocrx_word' id='word_1_97' title='bbox 1200 1273 1278 1318; x_wconf 80' lang='lat' dir='ltr'>ntetns</span> <span class='ocrx_word' id='word_1_98' title='bbox 1290 1287 1303 1314; x_wconf 83' lang='lat'><strong>»</strong></span> <span class='ocrx_word' id='word_1_99' title='bbox 1316 1267 1404 1320; x_wconf 82' lang='lat' dir='ltr'>codex</span> <span class='ocrx_word' id='word_1_100' title='bbox 1417 1270 1547 1322; x_wconf 83' lang='lat' dir='ltr'>exhibet:</span> 
     </span>
     <span class='ocr_line' id='line_1_11' title="bbox 395 1349 1549 1417; baseline -0.002 -12"><span class='ocrx_word' id='word_1_101' title='bbox 395 1355 444 1405; x_wconf 82' lang='lat' dir='ltr'>boc</span> <span class='ocrx_word' id='word_1_102' title='bbox 460 1370 527 1403; x_wconf 86' lang='lat' dir='ltr'>anno</span> <span class='ocrx_word' id='word_1_103' title='bbox 545 1354 590 1405; x_wconf 83' lang='lat' dir='ltr'>On.</span> <span class='ocrx_word' id='word_1_104' title='bbox 607 1353 745 1414; x_wconf 84' lang='lat' dir='ltr'>Pompeius</span> <span class='ocrx_word' id='word_1_105' title='bbox 755 1357 828 1401; x_wconf 86' lang='lat' dir='ltr'>natus</span> <span class='ocrx_word' id='word_1_106' title='bbox 843 1355 877 1400; x_wconf 85' lang='lat' dir='ltr'>est</span> <span class='ocrx_word' id='word_1_107' title='bbox 890 1351 956 1400; x_wconf 84' lang='lat' dir='ltr'>solus</span> <span class='ocrx_word' id='word_1_108' title='bbox 966 1365 1098 1412; x_wconf 77' lang='lat' dir='ltr'>mperrep.</span> <span class='ocrx_word' id='word_1_109' title='bbox 1109 1349 1249 1412; x_wconf 79' lang='lat' dir='ltr'>unitaeque</span> <span class='ocrx_word' id='word_1_110' title='bbox 1262 1355 1336 1412; x_wconf 82' lang='lat' dir='ltr'>atque</span> <span class='ocrx_word' id='word_1_111' title='bbox 1351 1351 1455 1417; x_wconf 67' lang='grc' dir='ltr'>Βίωνος</span> <span class='ocrx_word' id='word_1_112' title='bbox 1471 1351 1549 1417; x_wconf 87' lang='lat' dir='ltr'>quod</span> 
     </span>
     <span class='ocr_line' id='line_1_12' title="bbox 396 1429 1543 1502; baseline 0.001 -18"><span class='ocrx_word' id='word_1_113' title='bbox 396 1435 534 1502; x_wconf 86' lang='lat' dir='ltr'>glossema</span> <span class='ocrx_word' id='word_1_114' title='bbox 546 1449 605 1486; x_wconf 87' lang='lat' dir='ltr'>esse</span> <span class='ocrx_word' id='word_1_115' title='bbox 615 1433 697 1484; x_wconf 88' lang='lat' dir='ltr'>Bern.</span> <span class='ocrx_word' id='word_1_116' title='bbox 708 1437 737 1483; x_wconf 90' lang='lat' dir='ltr'>et</span> <span class='ocrx_word' id='word_1_117' title='bbox 747 1432 786 1482; x_wconf 88' lang='grc' dir='ltr'>Μ.</span> <span class='ocrx_word' id='word_1_118' title='bbox 798 1431 1050 1496; x_wconf 87' lang='lat' dir='ltr'>existimaverunt;</span> <span class='ocrx_word' id='word_1_119' title='bbox 1066 1432 1097 1480; x_wconf 91' lang='lat' dir='ltr'>B.</span> <span class='ocrx_word' id='word_1_120' title='bbox 1111 1429 1287 1482; x_wconf 87' lang='lat' dir='ltr'>secluserunt</span> <span class='ocrx_word' id='word_1_121' title='bbox 1302 1453 1313 1474; x_wconf 88' lang='lat'>‹</span> <span class='ocrx_word' id='word_1_122' title='bbox 1323 1447 1457 1496; x_wconf 80' lang='lat' dir='ltr'>snperrep.</span> <span class='ocrx_word' id='word_1_123' title='bbox 1470 1435 1543 1486; x_wconf 82' lang='lat' dir='ltr'>enit·</span> 
     </span>
     <span class='ocr_line' id='line_1_13' title="bbox 396 1510 1550 1577; baseline -0.002 -10"><span class='ocrx_word' id='word_1_124' title='bbox 396 1517 438 1567; x_wconf 91' lang='lat' dir='ltr'>ita</span> <span class='ocrx_word' id='word_1_125' title='bbox 454 1519 582 1568; x_wconf 89' lang='lat' dir='ltr'>correcta</span> <span class='ocrx_word' id='word_1_126' title='bbox 600 1530 608 1569; x_wconf 91' lang='lat'>:</span> <span class='ocrx_word' id='word_1_127' title='bbox 633 1513 719 1564; x_wconf 84' lang='lat' dir='ltr'>«solus</span> <span class='ocrx_word' id='word_1_128' title='bbox 734 1514 866 1575; x_wconf 76' lang='lat' dir='ltr'>superiore</span> <span class='ocrx_word' id='word_1_129' title='bbox 879 1513 953 1575; x_wconf 86' lang='lat' dir='ltr'>ponit</span> <span class='ocrx_word' id='word_1_130' title='bbox 968 1534 991 1570; x_wconf 73' lang='grc' dir='ltr'>ι,</span> <span class='ocrx_word' id='word_1_131' title='bbox 1007 1515 1093 1575; x_wconf 88' lang='lat' dir='ltr'>atque</span> <span class='ocrx_word' id='word_1_132' title='bbox 1111 1510 1271 1575; x_wconf 78' lang='lat' dir='ltr'>parenthesi</span> <span class='ocrx_word' id='word_1_133' title='bbox 1288 1528 1305 1562; x_wconf 83' lang='lat' dir='ltr'>a</span> <span class='ocrx_word' id='word_1_134' title='bbox 1316 1512 1434 1577; x_wconf 89' lang='lat' dir='ltr'>reliquis</span> <span class='ocrx_word' id='word_1_135' title='bbox 1450 1512 1550 1566; x_wconf 87' lang='lat' dir='ltr'>distin-</span> 
     </span>
     <span class='ocr_line' id='line_1_14' title="bbox 397 1592 1550 1657; baseline -0.001 -9"><span class='ocrx_word' id='word_1_136' title='bbox 397 1602 445 1649; x_wconf 89' lang='lat' dir='ltr'>cto</span> <span class='ocrx_word' id='word_1_137' title='bbox 460 1635 467 1648; x_wconf 96' lang='lat'>.</span> <span class='ocrx_word' id='word_1_138' title='bbox 500 1597 534 1646; x_wconf 93' lang='lat' dir='ltr'>In</span> <span class='ocrx_word' id='word_1_139' title='bbox 551 1594 616 1646; x_wconf 90' lang='lat' dir='ltr'>adn.</span> <span class='ocrx_word' id='word_1_140' title='bbox 633 1600 730 1645; x_wconf 91' lang='lat' dir='ltr'>autem</span> <span class='ocrx_word' id='word_1_141' title='bbox 744 1592 933 1644; x_wconf 87' lang='lat' dir='ltr'>addiderunt:</span> <span class='ocrx_word' id='word_1_142' title='bbox 954 1593 1069 1646; x_wconf 76' lang='lat' dir='ltr'>Granius</span> <span class='ocrx_word' id='word_1_143' title='bbox 1080 1592 1232 1654; x_wconf 85' lang='lat' dir='ltr'>Pompeium</span> <span class='ocrx_word' id='word_1_144' title='bbox 1248 1598 1335 1643; x_wconf 86' lang='lat' dir='ltr'>natum</span> <span class='ocrx_word' id='word_1_145' title='bbox 1344 1609 1393 1644; x_wconf 80' lang='lat' dir='ltr'>esee</span> <span class='ocrx_word' id='word_1_146' title='bbox 1408 1595 1550 1657; x_wconf 73' lang='lat' dir='ltr'>scripserat</span> 
     </span>
     <span class='ocr_line' id='line_1_15' title="bbox 396 1673 1548 1740; baseline -0.001 -12"><span class='ocrx_word' id='word_1_147' title='bbox 396 1695 421 1728; x_wconf 87' lang='lat' dir='ltr'>a.</span> <span class='ocrx_word' id='word_1_148' title='bbox 438 1695 462 1728; x_wconf 86' lang='lat' dir='ltr'>u.</span> <span class='ocrx_word' id='word_1_149' title='bbox 479 1680 538 1740; x_wconf 75' lang='lat'>647,</span> <span class='ocrx_word' id='word_1_150' title='bbox 554 1677 632 1727; x_wconf 87' lang='lat' dir='ltr'>ceteri</span> <span class='ocrx_word' id='word_1_151' title='bbox 646 1693 672 1726; x_wconf 87' lang='lat' dir='ltr'>o.</span> <span class='ocrx_word' id='word_1_152' title='bbox 690 1693 714 1725; x_wconf 87' lang='lat' dir='ltr'>u.</span> <span class='ocrx_word' id='word_1_153' title='bbox 731 1677 792 1735; x_wconf 80' lang='lat'>648,</span> <span class='ocrx_word' id='word_1_154' title='bbox 808 1675 873 1724; x_wconf 85' lang='lat' dir='ltr'>unde</span> <span class='ocrx_word' id='word_1_155' title='bbox 889 1673 992 1724; x_wconf 76' lang='lat' dir='ltr'>addidit</span> <span class='ocrx_word' id='word_1_156' title='bbox 1014 1674 1165 1736; x_wconf 83' lang='lat' dir='ltr'>epitoneator</span> <span class='ocrx_word' id='word_1_157' title='bbox 1186 1673 1272 1724; x_wconf 76' lang='lat' dir='ltr'>«solen</span> <span class='ocrx_word' id='word_1_158' title='bbox 1287 1675 1419 1737; x_wconf 79' lang='lat' dir='ltr'>superiore</span> <span class='ocrx_word' id='word_1_159' title='bbox 1440 1678 1548 1739; x_wconf 80' lang='lat' dir='ltr'>ponit»,</span> 
     </span>
     <span class='ocr_line' id='line_1_16' title="bbox 396 1753 1550 1821; baseline 0 -13"><span class='ocrx_word' id='word_1_160' title='bbox 396 1765 420 1809; x_wconf 87' lang='lat' dir='ltr'>et</span> <span class='ocrx_word' id='word_1_161' title='bbox 441 1760 495 1821; x_wconf 84' lang='lat' dir='ltr'>ipse</span> <span class='ocrx_word' id='word_1_162' title='bbox 518 1756 555 1806; x_wconf 82' lang='lat' dir='ltr'>od</span> <span class='ocrx_word' id='word_1_163' title='bbox 577 1773 673 1806; x_wconf 87' lang='lat' dir='ltr'>annum</span> <span class='ocrx_word' id='word_1_164' title='bbox 697 1757 751 1806; x_wconf 75' lang='lat'>648</span> <span class='ocrx_word' id='word_1_165' title='bbox 777 1757 823 1806; x_wconf 89' lang='lat' dir='ltr'>Cn.</span> <span class='ocrx_word' id='word_1_166' title='bbox 850 1753 1002 1817; x_wconf 85' lang='lat' dir='ltr'>Pompeium</span> <span class='ocrx_word' id='word_1_167' title='bbox 1022 1761 1045 1804; x_wconf 89' lang='lat' dir='ltr'>et</span> <span class='ocrx_word' id='word_1_168' title='bbox 1071 1755 1215 1806; x_wconf 69' lang='lat' dir='ltr'>Ciceronem</span> <span class='ocrx_word' id='word_1_169' title='bbox 1233 1762 1305 1805; x_wconf 86' lang='lat' dir='ltr'>natos</span> <span class='ocrx_word' id='word_1_170' title='bbox 1328 1772 1377 1805; x_wconf 85' lang='lat' dir='ltr'>esse</span> <span class='ocrx_word' id='word_1_171' title='bbox 1399 1756 1550 1808; x_wconf 81' lang='lat' dir='ltr'>adnobrcit:</span> 
     </span>
     <span class='ocr_line' id='line_1_17' title="bbox 397 1837 1549 1900; baseline -0.001 -9"><span class='ocrx_word' id='word_1_172' title='bbox 397 1841 447 1892; x_wconf 87' lang='lat' dir='ltr'>dno</span> <span class='ocrx_word' id='word_1_173' title='bbox 469 1841 533 1890; x_wconf 86' lang='lat' dir='ltr'>baec</span> <span class='ocrx_word' id='word_1_174' title='bbox 557 1838 730 1889; x_wconf 83' lang='lat' dir='ltr'>additamento</span> <span class='ocrx_word' id='word_1_175' title='bbox 750 1838 778 1887; x_wconf 90' lang='lat' dir='ltr'>in</span> <span class='ocrx_word' id='word_1_176' title='bbox 803 1837 887 1887; x_wconf 82' lang='lat' dir='ltr'>codice</span> <span class='ocrx_word' id='word_1_177' title='bbox 909 1838 1013 1900; x_wconf 75' lang='lat' dir='ltr'>confuso</span> <span class='ocrx_word' id='word_1_178' title='bbox 1028 1838 1056 1886; x_wconf 85' lang='lat' dir='ltr'>in</span> <span class='ocrx_word' id='word_1_179' title='bbox 1072 1838 1246 1887; x_wconf 76' lang='lat' dir='ltr'>narrationem</span> <span class='ocrx_word' id='word_1_180' title='bbox 1265 1838 1330 1888; x_wconf 86' lang='lat' dir='ltr'>anni</span> <span class='ocrx_word' id='word_1_181' title='bbox 1353 1855 1377 1889; x_wconf 85' lang='lat' dir='ltr'>u.</span> <span class='ocrx_word' id='word_1_182' title='bbox 1404 1841 1457 1889; x_wconf 83' lang='grc'>649</span> <span class='ocrx_word' id='word_1_183' title='bbox 1481 1841 1549 1890; x_wconf 84' lang='lat' dir='ltr'>irre-</span> 
     </span>
     <span class='ocr_line' id='line_1_18' title="bbox 394 1917 1549 1988; baseline 0.002 -16"><span class='ocrx_word' id='word_1_184' title='bbox 394 1927 509 1985; x_wconf 84' lang='lat' dir='ltr'>pserunt.</span> <span class='ocrx_word' id='word_1_185' title='bbox 531 1921 622 1982; x_wconf 82' lang='lat' dir='ltr'>Quam</span> <span class='ocrx_word' id='word_1_186' title='bbox 646 1918 838 1970; x_wconf 89' lang='lat' dir='ltr'>coniecturam</span> <span class='ocrx_word' id='word_1_187' title='bbox 863 1917 1014 1968; x_wconf 83' lang='lat' dir='ltr'>aFranck.</span> <span class='ocrx_word' id='word_1_188' title='bbox 1037 1921 1074 1982; x_wconf 91' lang='lat' dir='ltr'>(p.</span> <span class='ocrx_word' id='word_1_189' title='bbox 1100 1918 1158 1980; x_wconf 84' lang='grc'>248)</span> <span class='ocrx_word' id='word_1_190' title='bbox 1183 1918 1331 1982; x_wconf 88' lang='lat' dir='ltr'>probatam</span> <span class='ocrx_word' id='word_1_191' title='bbox 1351 1919 1437 1972; x_wconf 87' lang='lat' dir='ltr'>certis</span> <span class='ocrx_word' id='word_1_192' title='bbox 1462 1937 1549 1988; x_wconf 86' lang='lat' dir='ltr'>argu-</span> 
     </span>
     <span class='ocr_line' id='line_1_19' title="bbox 397 1999 1549 2069; baseline 0.003 -16"><span class='ocrx_word' id='word_1_193' title='bbox 397 2002 501 2053; x_wconf 87' lang='lat' dir='ltr'>mentis</span> <span class='ocrx_word' id='word_1_194' title='bbox 516 2002 625 2053; x_wconf 80' lang='lat' dir='ltr'>refutat</span> <span class='ocrx_word' id='word_1_195' title='bbox 640 1999 791 2052; x_wconf 85' lang='lat' dir='ltr'>Linkerius</span> <span class='ocrx_word' id='word_1_196' title='bbox 806 2004 841 2063; x_wconf 91' lang='grc' dir='ltr'>(ο.</span> <span class='ocrx_word' id='word_1_197' title='bbox 858 2015 881 2050; x_wconf 92' lang='lat' dir='ltr'>c.</span> <span class='ocrx_word' id='word_1_198' title='bbox 897 2016 922 2064; x_wconf 89' lang='lat' dir='ltr'>p.</span> <span class='ocrx_word' id='word_1_199' title='bbox 939 1999 985 2050; x_wconf 89' lang='grc'>637</span> <span class='ocrx_word' id='word_1_200' title='bbox 1002 2003 1030 2050; x_wconf 89' lang='lat' dir='ltr'>et</span> <span class='ocrx_word' id='word_1_201' title='bbox 1047 2002 1149 2063; x_wconf 86' lang='lat' dir='ltr'>seqq.);</span> <span class='ocrx_word' id='word_1_202' title='bbox 1165 2003 1239 2050; x_wconf 87' lang='lat' dir='ltr'>recte</span> <span class='ocrx_word' id='word_1_203' title='bbox 1263 1999 1339 2051; x_wconf 87' lang='lat' dir='ltr'>enim</span> <span class='ocrx_word' id='word_1_204' title='bbox 1362 2000 1387 2052; x_wconf 89' lang='lat' dir='ltr'>is</span> <span class='ocrx_word' id='word_1_205' title='bbox 1411 2013 1499 2069; x_wconf 87' lang='lat' dir='ltr'>negat</span> <span class='ocrx_word' id='word_1_206' title='bbox 1514 2021 1549 2057; x_wconf 87' lang='lat' dir='ltr'>ex</span> 
     </span>
     <span class='ocr_line' id='line_1_20' title="bbox 397 2078 1548 2147; baseline 0 -11"><span class='ocrx_word' id='word_1_207' title='bbox 397 2083 492 2136; x_wconf 86' lang='lat' dir='ltr'>verbis</span> <span class='ocrx_word' id='word_1_208' title='bbox 507 2082 646 2145; x_wconf 86' lang='lat' dir='ltr'>Pompeius</span> <span class='ocrx_word' id='word_1_209' title='bbox 661 2097 740 2131; x_wconf 85' lang='lat' dir='ltr'>annos</span> <span class='ocrx_word' id='word_1_210' title='bbox 755 2087 829 2130; x_wconf 87' lang='lat' dir='ltr'>natus</span> <span class='ocrx_word' id='word_1_211' title='bbox 843 2079 900 2130; x_wconf 91' lang='lat' dir='ltr'>XX</span> <span class='ocrx_word' id='word_1_212' title='bbox 906 2078 930 2132; x_wconf 88' lang='lat' dir='ltr'><em>V</em></span> <span class='ocrx_word' id='word_1_213' title='bbox 941 2095 1013 2142; x_wconf 77' lang='lat' dir='ltr'>eques</span> <span class='ocrx_word' id='word_1_214' title='bbox 1029 2081 1160 2132; x_wconf 74' lang='lat' dir='ltr'>Ennianus</span> <span class='ocrx_word' id='word_1_215' title='bbox 1172 2117 1178 2130; x_wconf 94' lang='lat'>.</span> <span class='ocrx_word' id='word_1_216' title='bbox 1190 2117 1196 2130; x_wconf 89' lang='lat'>.</span> <span class='ocrx_word' id='word_1_217' title='bbox 1208 2116 1214 2130; x_wconf 94' lang='lat'>.</span> <span class='ocrx_word' id='word_1_218' title='bbox 1225 2085 1396 2143; x_wconf 82' lang='lat' dir='ltr'>propraetore</span> <span class='ocrx_word' id='word_1_219' title='bbox 1411 2099 1443 2133; x_wconf 79' lang='lat' dir='ltr'>en</span> <span class='ocrx_word' id='word_1_220' title='bbox 1453 2085 1548 2147; x_wconf 79' lang='lat' dir='ltr'>Africa</span> 
     </span>
     <span class='ocr_line' id='line_1_21' title="bbox 396 2159 1549 2227; baseline 0.001 -12"><span class='ocrx_word' id='word_1_221' title='bbox 396 2163 572 2226; x_wconf 75' lang='lat' dir='ltr'>triumpharit,</span> <span class='ocrx_word' id='word_1_222' title='bbox 596 2177 669 2226; x_wconf 87' lang='lat' dir='ltr'>quae</span> <span class='ocrx_word' id='word_1_223' title='bbox 689 2161 766 2212; x_wconf 86' lang='lat' dir='ltr'>infra</span> <span class='ocrx_word' id='word_1_224' title='bbox 790 2161 848 2225; x_wconf 87' lang='lat' dir='ltr'>(fol.</span> <span class='ocrx_word' id='word_1_225' title='bbox 865 2160 889 2212; x_wconf 87' lang='lat' dir='ltr'><strong>V</strong></span> <span class='ocrx_word' id='word_1_226' title='bbox 905 2176 928 2210; x_wconf 89' lang='lat' dir='ltr'>r.</span> <span class='ocrx_word' id='word_1_227' title='bbox 945 2162 981 2222; x_wconf 84' lang='grc' dir='ltr'>Δ)</span> <span class='ocrx_word' id='word_1_228' title='bbox 1004 2159 1147 2224; x_wconf 87' lang='lat' dir='ltr'>leguntur,</span> <span class='ocrx_word' id='word_1_229' title='bbox 1165 2159 1321 2225; x_wconf 89' lang='lat' dir='ltr'>quidquam</span> <span class='ocrx_word' id='word_1_230' title='bbox 1338 2164 1474 2227; x_wconf 86' lang='lat' dir='ltr'>comperti</span> <span class='ocrx_word' id='word_1_231' title='bbox 1499 2181 1549 2217; x_wconf 90' lang='lat' dir='ltr'>nos</span> 
     </span>
     <span class='ocr_line' id='line_1_22' title="bbox 398 2240 1549 2310; baseline 0.002 -14"><span class='ocrx_word' id='word_1_232' title='bbox 398 2246 501 2296; x_wconf 90' lang='lat' dir='ltr'>habere</span> <span class='ocrx_word' id='word_1_233' title='bbox 518 2242 552 2296; x_wconf 89' lang='lat' dir='ltr'>de</span> <span class='ocrx_word' id='word_1_234' title='bbox 566 2260 641 2295; x_wconf 89' lang='lat' dir='ltr'>anno</span> <span class='ocrx_word' id='word_1_235' title='bbox 657 2259 713 2308; x_wconf 91' lang='lat' dir='ltr'>quo</span> <span class='ocrx_word' id='word_1_236' title='bbox 724 2242 874 2306; x_wconf 86' lang='lat' dir='ltr'>Pompeius</span> <span class='ocrx_word' id='word_1_237' title='bbox 885 2246 972 2292; x_wconf 89' lang='lat' dir='ltr'>natus</span> <span class='ocrx_word' id='word_1_238' title='bbox 982 2241 1021 2291; x_wconf 88' lang='lat' dir='ltr'>sit</span> <span class='ocrx_word' id='word_1_239' title='bbox 1034 2246 1086 2292; x_wconf 88' lang='lat' dir='ltr'>aut</span> <span class='ocrx_word' id='word_1_240' title='bbox 1097 2240 1254 2305; x_wconf 88' lang='lat' dir='ltr'>quidquam</span> <span class='ocrx_word' id='word_1_241' title='bbox 1269 2242 1364 2308; x_wconf 87' lang='lat' dir='ltr'>colligi</span> <span class='ocrx_word' id='word_1_242' title='bbox 1380 2260 1459 2308; x_wconf 86' lang='lat' dir='ltr'>posse</span> <span class='ocrx_word' id='word_1_243' title='bbox 1473 2247 1549 2310; x_wconf 90' lang='lat' dir='ltr'>quod</span> 
     </span>
     <span class='ocr_line' id='line_1_23' title="bbox 398 2321 1549 2389; baseline 0.002 -13"><span class='ocrx_word' id='word_1_244' title='bbox 398 2327 486 2377; x_wconf 91' lang='lat' dir='ltr'>veteri</span> <span class='ocrx_word' id='word_1_245' title='bbox 503 2323 627 2389; x_wconf 91' lang='lat' dir='ltr'>opinioni</span> <span class='ocrx_word' id='word_1_246' title='bbox 643 2327 788 2388; x_wconf 84' lang='lat' dir='ltr'>repugnet,</span> <span class='ocrx_word' id='word_1_247' title='bbox 805 2321 823 2372; x_wconf 93' lang='lat' dir='ltr'>i.</span> <span class='ocrx_word' id='word_1_248' title='bbox 837 2337 859 2372; x_wconf 89' lang='lat' dir='ltr'>e.</span> <span class='ocrx_word' id='word_1_249' title='bbox 876 2337 940 2372; x_wconf 90' lang='lat' dir='ltr'>eum</span> <span class='ocrx_word' id='word_1_250' title='bbox 956 2337 1031 2372; x_wconf 89' lang='lat' dir='ltr'>anno</span> <span class='ocrx_word' id='word_1_251' title='bbox 1045 2338 1073 2372; x_wconf 91' lang='lat' dir='ltr'>u.</span> <span class='ocrx_word' id='word_1_252' title='bbox 1085 2338 1108 2372; x_wconf 93' lang='lat' dir='ltr'>c.</span> <span class='ocrx_word' id='word_1_253' title='bbox 1118 2322 1166 2372; x_wconf 81' lang='grc'>648</span> <span class='ocrx_word' id='word_1_254' title='bbox 1177 2326 1277 2372; x_wconf 90' lang='lat' dir='ltr'>natum</span> <span class='ocrx_word' id='word_1_255' title='bbox 1290 2339 1362 2374; x_wconf 86' lang='lat' dir='ltr'>esse:</span> <span class='ocrx_word' id='word_1_256' title='bbox 1373 2325 1448 2389; x_wconf 92' lang='lat' dir='ltr'>quod</span> <span class='ocrx_word' id='word_1_257' title='bbox 1461 2326 1485 2376; x_wconf 86' lang='lat' dir='ltr'>si</span> <span class='ocrx_word' id='word_1_258' title='bbox 1497 2328 1549 2380; x_wconf 92' lang='lat' dir='ltr'>hoc</span> 
     </span>
     <span class='ocr_line' id='line_1_24' title="bbox 398 2401 1548 2471; baseline 0.003 -14"><span class='ocrx_word' id='word_1_259' title='bbox 398 2406 490 2471; x_wconf 87' lang='lat' dir='ltr'>ipsum</span> <span class='ocrx_word' id='word_1_260' title='bbox 507 2403 685 2466; x_wconf 85' lang='lat' dir='ltr'>concedatur,</span> <span class='ocrx_word' id='word_1_261' title='bbox 697 2407 783 2469; x_wconf 89' lang='lat' dir='ltr'>negat</span> <span class='ocrx_word' id='word_1_262' title='bbox 799 2406 896 2454; x_wconf 84' lang='lat' dir='ltr'>temen</span> <span class='ocrx_word' id='word_1_263' title='bbox 908 2401 1058 2453; x_wconf 88' lang='lat' dir='ltr'>Linkerius</span> <span class='ocrx_word' id='word_1_264' title='bbox 1069 2403 1191 2466; x_wconf 89' lang='lat' dir='ltr'>primum</span> <span class='ocrx_word' id='word_1_265' title='bbox 1201 2407 1254 2454; x_wconf 89' lang='lat' dir='ltr'>aut</span> <span class='ocrx_word' id='word_1_266' title='bbox 1265 2405 1355 2455; x_wconf 88' lang='lat' dir='ltr'>solum</span> <span class='ocrx_word' id='word_1_267' title='bbox 1368 2405 1548 2460; x_wconf 87' lang='lat' dir='ltr'>Licinianum</span> 
     </span>
     <span class='ocr_line' id='line_1_25' title="bbox 398 2481 1550 2552; baseline 0.002 -14"><span class='ocrx_word' id='word_1_268' title='bbox 398 2501 415 2538; x_wconf 87' lang='lat' dir='ltr'>a</span> <span class='ocrx_word' id='word_1_269' title='bbox 432 2484 571 2550; x_wconf 86' lang='lat' dir='ltr'>plerisque</span> <span class='ocrx_word' id='word_1_270' title='bbox 587 2483 736 2536; x_wconf 88' lang='lat' dir='ltr'>dissentire</span> <span class='ocrx_word' id='word_1_271' title='bbox 753 2481 787 2534; x_wconf 91' lang='lat' dir='ltr'>de</span> <span class='ocrx_word' id='word_1_272' title='bbox 803 2498 877 2533; x_wconf 90' lang='lat' dir='ltr'>anno</span> <span class='ocrx_word' id='word_1_273' title='bbox 894 2498 950 2546; x_wconf 89' lang='lat' dir='ltr'>quo</span> <span class='ocrx_word' id='word_1_274' title='bbox 966 2483 1116 2546; x_wconf 89' lang='lat' dir='ltr'>Pompeius</span> <span class='ocrx_word' id='word_1_275' title='bbox 1130 2487 1216 2534; x_wconf 90' lang='lat' dir='ltr'>natus</span> <span class='ocrx_word' id='word_1_276' title='bbox 1232 2483 1270 2534; x_wconf 88' lang='lat' dir='ltr'>sit</span> <span class='ocrx_word' id='word_1_277' title='bbox 1287 2488 1324 2547; x_wconf 90' lang='lat' dir='ltr'>(v.</span> <span class='ocrx_word' id='word_1_278' title='bbox 1339 2485 1410 2537; x_wconf 90' lang='lat' dir='ltr'>Vell.</span> <span class='ocrx_word' id='word_1_279' title='bbox 1433 2487 1497 2538; x_wconf 83' lang='lat' dir='ltr'>Pet.</span> <span class='ocrx_word' id='word_1_280' title='bbox 1516 2491 1550 2552; x_wconf 85' lang='lat'>11,</span> 
     </span>
     <span class='ocr_line' id='line_1_26' title="bbox 398 2561 1549 2632; baseline 0.002 -14"><span class='ocrx_word' id='word_1_281' title='bbox 398 2567 457 2631; x_wconf 80' lang='lat'>29);</span> <span class='ocrx_word' id='word_1_282' title='bbox 472 2572 558 2632; x_wconf 85' lang='lat' dir='ltr'>negat</span> <span class='ocrx_word' id='word_1_283' title='bbox 575 2563 703 2629; x_wconf 89' lang='lat' dir='ltr'>denique,</span> <span class='ocrx_word' id='word_1_284' title='bbox 720 2579 833 2628; x_wconf 89' lang='lat' dir='ltr'>quoquo</span> <span class='ocrx_word' id='word_1_285' title='bbox 850 2561 933 2614; x_wconf 88' lang='lat' dir='ltr'>modo</span> <span class='ocrx_word' id='word_1_286' title='bbox 948 2579 992 2615; x_wconf 86' lang='lat' dir='ltr'>res</span> <span class='ocrx_word' id='word_1_287' title='bbox 1010 2579 1039 2614; x_wconf 89' lang='lat' dir='ltr'>se</span> <span class='ocrx_word' id='word_1_288' title='bbox 1054 2563 1164 2626; x_wconf 89' lang='lat' dir='ltr'>habuit,</span> <span class='ocrx_word' id='word_1_289' title='bbox 1185 2564 1246 2615; x_wconf 90' lang='lat' dir='ltr'>fieri</span> <span class='ocrx_word' id='word_1_290' title='bbox 1272 2567 1395 2629; x_wconf 88' lang='lat' dir='ltr'>potuisse</span> <span class='ocrx_word' id='word_1_291' title='bbox 1412 2572 1448 2619; x_wconf 87' lang='lat' dir='ltr'>ut</span> <span class='ocrx_word' id='word_1_292' title='bbox 1471 2569 1549 2621; x_wconf 88' lang='lat' dir='ltr'>ullus</span> 
     </span>
     <span class='ocr_line' id='line_1_27' title="bbox 399 2642 1549 2713; baseline 0.003 -15"><span class='ocrx_word' id='word_1_293' title='bbox 399 2647 566 2712; x_wconf 89' lang='lat' dir='ltr'>epitomator</span> <span class='ocrx_word' id='word_1_294' title='bbox 585 2661 652 2698; x_wconf 85' lang='lat' dir='ltr'>voce</span> <span class='ocrx_word' id='word_1_295' title='bbox 673 2645 792 2708; x_wconf 81' lang='lat' dir='ltr'>«solus»,</span> <span class='ocrx_word' id='word_1_296' title='bbox 809 2643 922 2696; x_wconf 90' lang='lat' dir='ltr'>nomine</span> <span class='ocrx_word' id='word_1_297' title='bbox 937 2659 995 2694; x_wconf 90' lang='lat' dir='ltr'>non</span> <span class='ocrx_word' id='word_1_298' title='bbox 1018 2642 1135 2706; x_wconf 85' lang='lat' dir='ltr'>adiecto,</span> <span class='ocrx_word' id='word_1_299' title='bbox 1162 2649 1301 2707; x_wconf 88' lang='lat' dir='ltr'>uteretur,</span> <span class='ocrx_word' id='word_1_300' title='bbox 1325 2651 1359 2698; x_wconf 91' lang='lat' dir='ltr'>ut</span> <span class='ocrx_word' id='word_1_301' title='bbox 1384 2648 1549 2713; x_wconf 89' lang='lat' dir='ltr'>scriptorem</span> 
     </span>
     <span class='ocr_line' id='line_1_28' title="bbox 398 2723 1493 2794; baseline 0.002 -16"><span class='ocrx_word' id='word_1_302' title='bbox 398 2743 482 2794; x_wconf 89' lang='lat' dir='ltr'>quem</span> <span class='ocrx_word' id='word_1_303' title='bbox 499 2728 668 2791; x_wconf 80' lang='lat' dir='ltr'>excorpebat&#39;</span> <span class='ocrx_word' id='word_1_304' title='bbox 680 2724 860 2791; x_wconf 87' lang='lat' dir='ltr'>significaret,</span> <span class='ocrx_word' id='word_1_305' title='bbox 878 2729 931 2776; x_wconf 90' lang='lat' dir='ltr'>aut</span> <span class='ocrx_word' id='word_1_306' title='bbox 946 2724 970 2775; x_wconf 91' lang='lat' dir='ltr'>si</span> <span class='ocrx_word' id='word_1_307' title='bbox 987 2723 1057 2789; x_wconf 90' lang='lat' dir='ltr'>quid</span> <span class='ocrx_word' id='word_1_308' title='bbox 1074 2723 1109 2775; x_wconf 90' lang='lat' dir='ltr'>de</span> <span class='ocrx_word' id='word_1_309' title='bbox 1125 2740 1157 2775; x_wconf 89' lang='lat' dir='ltr'>eo</span> <span class='ocrx_word' id='word_1_310' title='bbox 1179 2723 1270 2776; x_wconf 86' lang='lat' dir='ltr'>dicere</span> <span class='ocrx_word' id='word_1_311' title='bbox 1295 2727 1438 2790; x_wconf 89' lang='lat' dir='ltr'>voluisset,</span> <span class='ocrx_word' id='word_1_312' title='bbox 1463 2728 1493 2780; x_wconf 92' lang='lat' dir='ltr'>id</span> 
     </span>
     <span class='ocr_line' id='line_1_29' title="bbox 399 2804 1551 2873; baseline 0.003 -15"><span class='ocrx_word' id='word_1_313' title='bbox 399 2807 467 2872; x_wconf 92' lang='lat' dir='ltr'>ipsis</span> <span class='ocrx_word' id='word_1_314' title='bbox 483 2806 628 2872; x_wconf 87' lang='lat' dir='ltr'>scriptoris</span> <span class='ocrx_word' id='word_1_315' title='bbox 644 2805 739 2857; x_wconf 88' lang='lat' dir='ltr'>verbis</span> <span class='ocrx_word' id='word_1_316' title='bbox 756 2806 899 2857; x_wconf 83' lang='lat' dir='ltr'>insereret.</span> <span class='ocrx_word' id='word_1_317' title='bbox 913 2804 1066 2856; x_wconf 86' lang='lat' dir='ltr'>Linkorius</span> <span class='ocrx_word' id='word_1_318' title='bbox 1083 2805 1173 2870; x_wconf 89' lang='lat' dir='ltr'>igitur</span> <span class='ocrx_word' id='word_1_319' title='bbox 1189 2806 1365 2858; x_wconf 84' lang='lat' dir='ltr'>existimavit</span> <span class='ocrx_word' id='word_1_320' title='bbox 1390 2825 1439 2873; x_wconf 90' lang='lat' dir='ltr'>pro</span> <span class='ocrx_word' id='word_1_321' title='bbox 1459 2829 1472 2855; x_wconf 78' lang='grc' dir='ltr'>ι</span> <span class='ocrx_word' id='word_1_322' title='bbox 1484 2813 1551 2862; x_wconf 78' lang='lat' dir='ltr'>solus</span> 
     </span>
     <span class='ocr_line' id='line_1_30' title="bbox 395 2883 1549 2952; baseline -0.001 -13"><span class='ocrx_word' id='word_1_323' title='bbox 395 2888 526 2951; x_wconf 79' lang='lat' dir='ltr'>superiore</span> <span class='ocrx_word' id='word_1_324' title='bbox 538 2888 636 2950; x_wconf 83' lang='lat' dir='ltr'>ponit»</span> <span class='ocrx_word' id='word_1_325' title='bbox 654 2884 805 2951; x_wconf 84' lang='lat' dir='ltr'>legendum</span> <span class='ocrx_word' id='word_1_326' title='bbox 829 2901 887 2937; x_wconf 87' lang='lat' dir='ltr'>asse</span> <span class='ocrx_word' id='word_1_327' title='bbox 904 2907 916 2932; x_wconf 84' lang='lat'><strong>«</strong></span> <span class='ocrx_word' id='word_1_328' title='bbox 929 2886 999 2948; x_wconf 83' lang='lat' dir='ltr'>filins</span> <span class='ocrx_word' id='word_1_329' title='bbox 1024 2883 1176 2936; x_wconf 84' lang='lat' dir='ltr'>Strabonis·</span> <span class='ocrx_word' id='word_1_330' title='bbox 1198 2887 1243 2938; x_wconf 88' lang='lat' dir='ltr'>vel</span> <span class='ocrx_word' id='word_1_331' title='bbox 1265 2889 1355 2938; x_wconf 83' lang='lat' dir='ltr'>«salus</span> <span class='ocrx_word' id='word_1_332' title='bbox 1369 2891 1524 2952; x_wconf 82' lang='lat' dir='ltr'>reipublicae</span> <span class='ocrx_word' id='word_1_333' title='bbox 1535 2913 1549 2938; x_wconf 67' lang='lat' dir='ltr'>s</span> 
     </span>
     <span class='ocr_line' id='line_1_31' title="bbox 398 2965 1549 3032; baseline 0.003 -12"><span class='ocrx_word' id='word_1_334' title='bbox 398 2969 442 3020; x_wconf 90' lang='lat' dir='ltr'>vel</span> <span class='ocrx_word' id='word_1_335' title='bbox 460 2965 568 3032; x_wconf 87' lang='lat' dir='ltr'>aliquid</span> <span class='ocrx_word' id='word_1_336' title='bbox 585 2965 755 3018; x_wconf 91' lang='lat' dir='ltr'>huiusmodi.</span> <span class='ocrx_word' id='word_1_337' title='bbox 771 2965 824 3016; x_wconf 85' lang='lat' dir='ltr'>Sed</span> <span class='ocrx_word' id='word_1_338' title='bbox 842 2965 937 3017; x_wconf 88' lang='lat' dir='ltr'>verius</span> <span class='ocrx_word' id='word_1_339' title='bbox 953 2981 1039 3030; x_wconf 89' lang='lat' dir='ltr'>quam</span> <span class='ocrx_word' id='word_1_340' title='bbox 1056 2965 1149 3029; x_wconf 88' lang='lat' dir='ltr'>ceteri,</span> <span class='ocrx_word' id='word_1_341' title='bbox 1166 2966 1306 3031; x_wconf 89' lang='lat' dir='ltr'>quomodo</span> <span class='ocrx_word' id='word_1_342' title='bbox 1321 2967 1351 3019; x_wconf 90' lang='lat' dir='ltr'>in</span> <span class='ocrx_word' id='word_1_343' title='bbox 1369 2969 1445 3022; x_wconf 90' lang='lat' dir='ltr'>hunc</span> <span class='ocrx_word' id='word_1_344' title='bbox 1456 2972 1549 3024; x_wconf 88' lang='lat' dir='ltr'>locum</span> 
     </span>
     <span class='ocr_line' id='line_1_32' title="bbox 398 3045 1549 3116; baseline 0.003 -16"><span class='ocrx_word' id='word_1_345' title='bbox 398 3055 459 3100; x_wconf 88' lang='lat' dir='ltr'>tam</span> <span class='ocrx_word' id='word_1_346' title='bbox 470 3048 599 3113; x_wconf 86' lang='lat' dir='ltr'>ineptum</span> <span class='ocrx_word' id='word_1_347' title='bbox 615 3045 843 3097; x_wconf 89' lang='lat' dir='ltr'>additamentum</span> <span class='ocrx_word' id='word_1_348' title='bbox 855 3045 1006 3111; x_wconf 86' lang='lat' dir='ltr'>irrepserit,</span> <span class='ocrx_word' id='word_1_349' title='bbox 1015 3045 1168 3110; x_wconf 87' lang='lat' dir='ltr'>explicavit</span> <span class='ocrx_word' id='word_1_350' title='bbox 1178 3047 1345 3114; x_wconf 86' lang='lat' dir='ltr'>Madvigius</span> <span class='ocrx_word' id='word_1_351' title='bbox 1354 3053 1388 3112; x_wconf 91' lang='lat' dir='ltr'>(o.</span> <span class='ocrx_word' id='word_1_352' title='bbox 1398 3067 1433 3101; x_wconf 92' lang='lat' dir='ltr'>m.</span> <span class='ocrx_word' id='word_1_353' title='bbox 1442 3069 1468 3116; x_wconf 88' lang='lat' dir='ltr'>p.</span> <span class='ocrx_word' id='word_1_354' title='bbox 1476 3053 1549 3116; x_wconf 80' lang='lat'>402):</span> 
     </span>
     <span class='ocr_line' id='line_1_33' title="bbox 401 3127 1551 3194; baseline 0.003 -14"><span class='ocrx_word' id='word_1_355' title='bbox 401 3129 564 3193; x_wconf 76' lang='lat' dir='ltr'>Manifestum</span> <span class='ocrx_word' id='word_1_356' title='bbox 578 3133 613 3178; x_wconf 83' lang='lat' dir='ltr'>est</span> <span class='ocrx_word' id='word_1_357' title='bbox 622 3157 650 3166; x_wconf 98' lang='lat'>-</span> <span class='ocrx_word' id='word_1_358' title='bbox 659 3127 755 3192; x_wconf 87' lang='lat' dir='ltr'>inquit</span> <span class='ocrx_word' id='word_1_359' title='bbox 771 3127 921 3190; x_wconf 82' lang='lat' dir='ltr'>-pristino</span> <span class='ocrx_word' id='word_1_360' title='bbox 936 3127 1013 3177; x_wconf 87' lang='lat' dir='ltr'>uerba</span> <span class='ocrx_word' id='word_1_361' title='bbox 1027 3128 1103 3190; x_wconf 68' lang='lat' dir='ltr'>fitisse</span> <span class='ocrx_word' id='word_1_362' title='bbox 1114 3146 1127 3176; x_wconf 89' lang='lat'>«</span> <span class='ocrx_word' id='word_1_363' title='bbox 1140 3127 1253 3178; x_wconf 82' lang='lat' dir='ltr'>Rutilius</span> <span class='ocrx_word' id='word_1_364' title='bbox 1261 3130 1449 3194; x_wconf 75' lang='lat' dir='ltr'>conculcollega</span> <span class='ocrx_word' id='word_1_365' title='bbox 1462 3133 1551 3184; x_wconf 84' lang='lat' dir='ltr'>Mallii</span> 
     </span>
     <span class='ocr_line' id='line_1_34' title="bbox 398 3207 1549 3274; baseline 0.003 -13"><span class='ocrx_word' id='word_1_366' title='bbox 398 3210 465 3261; x_wconf 85' lang='lat' dir='ltr'>solus</span> <span class='ocrx_word' id='word_1_367' title='bbox 479 3215 628 3274; x_wconf 78' lang='lat' dir='ltr'>supererat3</span> <span class='ocrx_word' id='word_1_368' title='bbox 644 3211 728 3272; x_wconf 71' lang='lat' dir='ltr'>iwque</span> <span class='ocrx_word' id='word_1_369' title='bbox 743 3225 799 3258; x_wconf 83' lang='lat' dir='ltr'>curn</span> <span class='ocrx_word' id='word_1_370' title='bbox 814 3213 910 3258; x_wconf 70' lang='lat' dir='ltr'>noetus·</span> <span class='ocrx_word' id='word_1_371' title='bbox 932 3214 989 3273; x_wconf 71' lang='lat' dir='ltr'>eta,</span> <span class='ocrx_word' id='word_1_372' title='bbox 1005 3208 1054 3269; x_wconf 84' lang='lat' dir='ltr'>sed,</span> <span class='ocrx_word' id='word_1_373' title='bbox 1066 3207 1105 3258; x_wconf 84' lang='lat' dir='ltr'>bis</span> <span class='ocrx_word' id='word_1_374' title='bbox 1115 3209 1226 3270; x_wconf 83' lang='lat' dir='ltr'>scriptis,</span> <span class='ocrx_word' id='word_1_375' title='bbox 1237 3212 1400 3273; x_wconf 84' lang='lat' dir='ltr'>epitomatori</span> <span class='ocrx_word' id='word_1_376' title='bbox 1417 3211 1549 3265; x_wconf 75' lang='lat' dir='ltr'>[riciniano</span> 
     </span>
     <span class='ocr_line' id='line_1_35' title="bbox 399 3288 1551 3358; baseline 0.003 -16"><span class='ocrx_word' id='word_1_377' title='bbox 399 3291 500 3354; x_wconf 82' lang='lat' dir='ltr'>placuit</span> <span class='ocrx_word' id='word_1_378' title='bbox 515 3289 546 3340; x_wconf 84' lang='lat' dir='ltr'>de</span> <span class='ocrx_word' id='word_1_379' title='bbox 561 3307 628 3340; x_wconf 88' lang='lat' dir='ltr'>anno</span> <span class='ocrx_word' id='word_1_380' title='bbox 644 3291 727 3340; x_wconf 85' lang='lat' dir='ltr'>natali</span> <span class='ocrx_word' id='word_1_381' title='bbox 740 3288 850 3352; x_wconf 87' lang='lat' dir='ltr'>Pompei</span> <span class='ocrx_word' id='word_1_382' title='bbox 863 3295 887 3338; x_wconf 82' lang='lat' dir='ltr'>et</span> <span class='ocrx_word' id='word_1_383' title='bbox 913 3288 1040 3340; x_wconf 78' lang='lat' dir='ltr'>Oiceronis</span> <span class='ocrx_word' id='word_1_384' title='bbox 1060 3289 1156 3338; x_wconf 83' lang='lat' dir='ltr'>addere</span> <span class='ocrx_word' id='word_1_385' title='bbox 1174 3290 1367 3352; x_wconf 78' lang='lat' dir='ltr'>adnotationem,</span> <span class='ocrx_word' id='word_1_386' title='bbox 1388 3309 1453 3356; x_wconf 75' lang='lat' dir='ltr'>onae</span> <span class='ocrx_word' id='word_1_387' title='bbox 1477 3296 1551 3358; x_wconf 80' lang='lat' dir='ltr'>apud</span> 
     </span>
     <span class='ocr_line' id='line_1_36' title="bbox 399 3369 1553 3440; baseline 0.003 -17"><span class='ocrx_word' id='word_1_388' title='bbox 399 3375 492 3437; x_wconf 74' lang='lat' dir='ltr'>sonum</span> <span class='ocrx_word' id='word_1_389' title='bbox 505 3373 534 3422; x_wconf 87' lang='lat' dir='ltr'>in</span> <span class='ocrx_word' id='word_1_390' title='bbox 548 3372 597 3435; x_wconf 78' lang='lat' dir='ltr'>fine</span> <span class='ocrx_word' id='word_1_391' title='bbox 612 3371 752 3433; x_wconf 77' lang='lat' dir='ltr'>superioris</span> <span class='ocrx_word' id='word_1_392' title='bbox 767 3371 831 3420; x_wconf 85' lang='lat' dir='ltr'>anni</span> <span class='ocrx_word' id='word_1_393' title='bbox 848 3371 924 3433; x_wconf 80' lang='grc'>(648)</span> <span class='ocrx_word' id='word_1_394' title='bbox 942 3369 1069 3432; x_wconf 80' lang='lat' dir='ltr'>lepebatur</span> <span class='ocrx_word' id='word_1_395' title='bbox 1086 3371 1131 3433; x_wconf 82' lang='lat' dir='ltr'>(cf.</span> <span class='ocrx_word' id='word_1_396' title='bbox 1143 3370 1268 3422; x_wconf 86' lang='lat' dir='ltr'>Dieckm.</span> <span class='ocrx_word' id='word_1_397' title='bbox 1284 3389 1310 3437; x_wconf 90' lang='lat' dir='ltr'>p.</span> <span class='ocrx_word' id='word_1_398' title='bbox 1325 3374 1384 3440; x_wconf 82' lang='lat' dir='ltr'>tt);</span> <span class='ocrx_word' id='word_1_399' title='bbox 1399 3374 1461 3426; x_wconf 78' lang='lat' dir='ltr'>liaee</span> <span class='ocrx_word' id='word_1_400' title='bbox 1471 3376 1553 3426; x_wconf 86' lang='lat' dir='ltr'>adno-</span> 
     </span>
     <span class='ocr_line' id='line_1_37' title="bbox 400 3450 1551 3517; baseline 0.003 -12"><span class='ocrx_word' id='word_1_401' title='bbox 400 3455 462 3505; x_wconf 87' lang='lat' dir='ltr'>tatio</span> <span class='ocrx_word' id='word_1_402' title='bbox 477 3454 505 3503; x_wconf 88' lang='lat' dir='ltr'>in</span> <span class='ocrx_word' id='word_1_403' title='bbox 520 3454 635 3516; x_wconf 78' lang='lat' dir='ltr'>rnarpine</span> <span class='ocrx_word' id='word_1_404' title='bbox 650 3453 771 3514; x_wconf 85' lang='lat' dir='ltr'>apposita</span> <span class='ocrx_word' id='word_1_405' title='bbox 786 3451 818 3501; x_wconf 88' lang='lat' dir='ltr'>ab</span> <span class='ocrx_word' id='word_1_406' title='bbox 834 3452 972 3514; x_wconf 78' lang='lat' dir='ltr'>neplepenti</span> <span class='ocrx_word' id='word_1_407' title='bbox 985 3450 1094 3502; x_wconf 83' lang='lat' dir='ltr'>librario</span> <span class='ocrx_word' id='word_1_408' title='bbox 1109 3458 1197 3514; x_wconf 83' lang='lat' dir='ltr'>postea</span> <span class='ocrx_word' id='word_1_409' title='bbox 1213 3455 1240 3504; x_wconf 88' lang='lat' dir='ltr'>in</span> <span class='ocrx_word' id='word_1_410' title='bbox 1255 3454 1321 3504; x_wconf 85' lang='lat' dir='ltr'>duas</span> <span class='ocrx_word' id='word_1_411' title='bbox 1334 3462 1424 3517; x_wconf 85' lang='lat' dir='ltr'>partes</span> <span class='ocrx_word' id='word_1_412' title='bbox 1447 3457 1551 3508; x_wconf 86' lang='lat' dir='ltr'>discissa</span> 
     </span>
     <span class='ocr_line' id='line_1_38' title="bbox 400 3530 1549 3598; baseline 0.004 -14"><span class='ocrx_word' id='word_1_413' title='bbox 400 3535 459 3598; x_wconf 84' lang='lat' dir='ltr'>(boc</span> <span class='ocrx_word' id='word_1_414' title='bbox 475 3543 542 3584; x_wconf 86' lang='lat' dir='ltr'>anno</span> <span class='ocrx_word' id='word_1_415' title='bbox 560 3535 605 3584; x_wconf 80' lang='lat' dir='ltr'>On.</span> <span class='ocrx_word' id='word_1_416' title='bbox 621 3533 760 3595; x_wconf 82' lang='lat' dir='ltr'>Pompeius</span> <span class='ocrx_word' id='word_1_417' title='bbox 775 3538 848 3582; x_wconf 87' lang='lat' dir='ltr'>natus</span> <span class='ocrx_word' id='word_1_418' title='bbox 870 3538 904 3581; x_wconf 88' lang='lat' dir='ltr'>est</span> <span class='ocrx_word' id='word_1_419' title='bbox 927 3560 955 3569; x_wconf 96' lang='lat'><em>-</em></span> <span class='ocrx_word' id='word_1_420' title='bbox 981 3538 1055 3594; x_wconf 80' lang='lat' dir='ltr'>atque</span> <span class='ocrx_word' id='word_1_421' title='bbox 1082 3530 1181 3596; x_wconf 80' lang='lat' dir='ltr'>Cicero)</span> <span class='ocrx_word' id='word_1_422' title='bbox 1196 3540 1219 3584; x_wconf 92' lang='lat' dir='ltr'>et</span> <span class='ocrx_word' id='word_1_423' title='bbox 1244 3550 1301 3584; x_wconf 89' lang='lat' dir='ltr'>cnm</span> <span class='ocrx_word' id='word_1_424' title='bbox 1324 3537 1405 3586; x_wconf 85' lang='lat' dir='ltr'>altero</span> <span class='ocrx_word' id='word_1_425' title='bbox 1421 3539 1549 3590; x_wconf 80' lang='lat' dir='ltr'>enuntiato</span> 
     </span>
     <span class='ocr_line' id='line_1_39' title="bbox 401 3612 1551 3682; baseline 0.003 -16"><span class='ocrx_word' id='word_1_426' title='bbox 401 3618 481 3666; x_wconf 64' lang='lat' dir='ltr'>muta</span> <span class='ocrx_word' id='word_1_427' title='bbox 497 3621 538 3665; x_wconf 86' lang='lat' dir='ltr'>est.</span> <span class='ocrx_word' id='word_1_428' title='bbox 554 3642 584 3652; x_wconf 93' lang='lat'>-</span> <span class='ocrx_word' id='word_1_429' title='bbox 600 3614 666 3664; x_wconf 87' lang='lat' dir='ltr'>solus</span> <span class='ocrx_word' id='word_1_430' title='bbox 674 3619 808 3676; x_wconf 69' lang='lat' dir='ltr'>pepererat</span> <span class='ocrx_word' id='word_1_431' title='bbox 818 3613 883 3676; x_wconf 86' lang='lat' dir='ltr'>reip.</span> <span class='ocrx_word' id='word_1_432' title='bbox 897 3614 989 3680; x_wconf 84' lang='lat' dir='ltr'>itaque]</span> <span class='ocrx_word' id='word_1_433' title='bbox 1002 3612 1216 3678; x_wconf 82' lang='lat' dir='ltr'>Hirschfeldius,</span> <span class='ocrx_word' id='word_1_434' title='bbox 1233 3614 1283 3679; x_wconf 88' lang='lat' dir='ltr'>qni</span> <span class='ocrx_word' id='word_1_435' title='bbox 1296 3615 1437 3682; x_wconf 86' lang='lat' dir='ltr'>Madvigii</span> <span class='ocrx_word' id='word_1_436' title='bbox 1448 3619 1551 3670; x_wconf 89' lang='lat' dir='ltr'>coniec-</span> 
     </span>
     <span class='ocr_line' id='line_1_40' title="bbox 401 3692 1550 3763; baseline 0.003 -16"><span class='ocrx_word' id='word_1_437' title='bbox 401 3702 498 3747; x_wconf 89' lang='lat' dir='ltr'>turam</span> <span class='ocrx_word' id='word_1_438' title='bbox 514 3693 653 3759; x_wconf 87' lang='lat' dir='ltr'>imprimis</span> <span class='ocrx_word' id='word_1_439' title='bbox 669 3695 784 3756; x_wconf 83' lang='lat' dir='ltr'>relutat,</span> <span class='ocrx_word' id='word_1_440' title='bbox 794 3692 870 3758; x_wconf 86' lang='lat' dir='ltr'>quod</span> <span class='ocrx_word' id='word_1_441' title='bbox 889 3694 1034 3758; x_wconf 85' lang='lat' dir='ltr'>superiora</span> <span class='ocrx_word' id='word_1_442' title='bbox 1045 3694 1132 3745; x_wconf 91' lang='lat' dir='ltr'>verba</span> <span class='ocrx_word' id='word_1_443' title='bbox 1146 3694 1190 3745; x_wconf 88' lang='lat' dir='ltr'>On.</span> <span class='ocrx_word' id='word_1_444' title='bbox 1210 3695 1334 3746; x_wconf 85' lang='lat' dir='ltr'>Manilius</span> <span class='ocrx_word' id='word_1_445' title='bbox 1344 3726 1374 3734; x_wconf 88' lang='lat'>-</span> <span class='ocrx_word' id='word_1_446' title='bbox 1387 3699 1482 3763; x_wconf 56' lang='lat' dir='ltr'>muns,</span> <span class='ocrx_word' id='word_1_447' title='bbox 1493 3716 1550 3751; x_wconf 94' lang='lat' dir='ltr'>non</span> 
     </span>
     <span class='ocr_line' id='line_1_41' title="bbox 401 3773 1552 3844; baseline 0.003 -17"><span class='ocrx_word' id='word_1_448' title='bbox 401 3774 502 3827; x_wconf 85' lang='lat' dir='ltr'>Granii</span> <span class='ocrx_word' id='word_1_449' title='bbox 518 3790 582 3837; x_wconf 87' lang='lat' dir='ltr'>esse,</span> <span class='ocrx_word' id='word_1_450' title='bbox 599 3774 647 3824; x_wconf 85' lang='lat' dir='ltr'>sed</span> <span class='ocrx_word' id='word_1_451' title='bbox 664 3773 719 3824; x_wconf 84' lang='lat' dir='ltr'>alia</span> <span class='ocrx_word' id='word_1_452' title='bbox 738 3789 825 3823; x_wconf 86' lang='lat' dir='ltr'>manu</span> <span class='ocrx_word' id='word_1_453' title='bbox 849 3773 905 3824; x_wconf 87' lang='lat' dir='ltr'>huc</span> <span class='ocrx_word' id='word_1_454' title='bbox 921 3773 1028 3824; x_wconf 85' lang='lat' dir='ltr'>inserta</span> <span class='ocrx_word' id='word_1_455' title='bbox 1052 3789 1109 3824; x_wconf 86' lang='lat' dir='ltr'>esse</span> <span class='ocrx_word' id='word_1_456' title='bbox 1125 3779 1226 3838; x_wconf 88' lang='lat' dir='ltr'>censet,</span> <span class='ocrx_word' id='word_1_457' title='bbox 1243 3775 1435 3828; x_wconf 86' lang='lat' dir='ltr'>Dicokmanno</span> <span class='ocrx_word' id='word_1_458' title='bbox 1456 3783 1493 3844; x_wconf 90' lang='lat' dir='ltr'>(p.</span> <span class='ocrx_word' id='word_1_459' title='bbox 1509 3781 1552 3843; x_wconf 79' lang='lat'>45)</span> 
     </span>
     <span class='ocr_line' id='line_1_42' title="bbox 401 3853 1551 3922; baseline 0.003 -15"><span class='ocrx_word' id='word_1_460' title='bbox 401 3853 626 3907; x_wconf 82' lang='lat' dir='ltr'>commendavit:</span> <span class='ocrx_word' id='word_1_461' title='bbox 647 3856 733 3905; x_wconf 83' lang='lat' dir='ltr'>«solus</span> <span class='ocrx_word' id='word_1_462' title='bbox 747 3853 791 3904; x_wconf 80' lang='lat' dir='ltr'>sub</span> <span class='ocrx_word' id='word_1_463' title='bbox 806 3853 867 3904; x_wconf 84' lang='lat' dir='ltr'>urbe</span> <span class='ocrx_word' id='word_1_464' title='bbox 879 3856 977 3918; x_wconf 78' lang='lat' dir='ltr'>positus</span> <span class='ocrx_word' id='word_1_465' title='bbox 988 3877 1011 3916; x_wconf 64' lang='lat' dir='ltr'>s,</span> <span class='ocrx_word' id='word_1_466' title='bbox 1027 3854 1219 3906; x_wconf 86' lang='lat' dir='ltr'>Mommsenus</span> <span class='ocrx_word' id='word_1_467' title='bbox 1243 3861 1339 3908; x_wconf 90' lang='lat' dir='ltr'>autem</span> <span class='ocrx_word' id='word_1_468' title='bbox 1356 3876 1369 3903; x_wconf 74' lang='grc' dir='ltr'>ι</span> <span class='ocrx_word' id='word_1_469' title='bbox 1380 3875 1458 3921; x_wconf 86' lang='lat' dir='ltr'>super</span> <span class='ocrx_word' id='word_1_470' title='bbox 1473 3877 1551 3922; x_wconf 88' lang='lat' dir='ltr'>repu-</span> 
     </span>
     <span class='ocr_line' id='line_1_43' title="bbox 401 3932 1550 4003; baseline 0.003 -17"><span class='ocrx_word' id='word_1_471' title='bbox 401 3935 468 3986; x_wconf 80' lang='lat' dir='ltr'>blica</span> <span class='ocrx_word' id='word_1_472' title='bbox 482 3936 605 3986; x_wconf 86' lang='lat' dir='ltr'>sollicitas</span> <span class='ocrx_word' id='word_1_473' title='bbox 616 3951 645 4000; x_wconf 81' lang='lat'>»3</span> <span class='ocrx_word' id='word_1_474' title='bbox 662 3932 710 3985; x_wconf 89' lang='lat' dir='ltr'>sed</span> <span class='ocrx_word' id='word_1_475' title='bbox 726 3950 816 3998; x_wconf 86' lang='lat' dir='ltr'>neque</span> <span class='ocrx_word' id='word_1_476' title='bbox 832 3933 883 3985; x_wconf 93' lang='lat' dir='ltr'>hoc</span> <span class='ocrx_word' id='word_1_477' title='bbox 900 3950 990 3998; x_wconf 86' lang='lat' dir='ltr'>neque</span> <span class='ocrx_word' id='word_1_478' title='bbox 1007 3933 1078 3984; x_wconf 92' lang='lat' dir='ltr'>illud</span> <span class='ocrx_word' id='word_1_479' title='bbox 1095 3933 1337 3987; x_wconf 86' lang='lat' dir='ltr'>commendatione</span> <span class='ocrx_word' id='word_1_480' title='bbox 1345 3935 1550 4003; x_wconf 88' lang='lat' dir='ltr'>dignum-vide-</span> 
     </span>
     <span class='ocr_line' id='line_1_44' title="bbox 401 4014 1551 4084; baseline 0.004 -18"><span class='ocrx_word' id='word_1_481' title='bbox 401 4023 459 4067; x_wconf 92' lang='lat' dir='ltr'>tur.</span> <span class='ocrx_word' id='word_1_482' title='bbox 467 4045 497 4054; x_wconf 94' lang='lat'>-</span> <span class='ocrx_word' id='word_1_483' title='bbox 509 4017 629 4081; x_wconf 89' lang='lat' dir='ltr'><strong>XXXV]</strong></span> <span class='ocrx_word' id='word_1_484' title='bbox 640 4016 707 4080; x_wconf 81' lang='lat' dir='ltr'>cod.;</span> <span class='ocrx_word' id='word_1_485' title='bbox 717 4033 729 4064; x_wconf 70' lang='grc' dir='ltr'>(ι</span> <span class='ocrx_word' id='word_1_486' title='bbox 738 4015 899 4078; x_wconf 81' lang='lat' dir='ltr'>probabilius</span> <span class='ocrx_word' id='word_1_487' title='bbox 907 4014 1019 4064; x_wconf 87' lang='lat' dir='ltr'><strong>XXXX</strong></span> <span class='ocrx_word' id='word_1_488' title='bbox 1025 4014 1064 4066; x_wconf 86' lang='lat' dir='ltr'>VI</span> <span class='ocrx_word' id='word_1_489' title='bbox 1071 4033 1084 4063; x_wconf 83' lang='lat' dir='ltr'>n</span> <span class='ocrx_word' id='word_1_490' title='bbox 1096 4016 1125 4065; x_wconf 93' lang='lat' dir='ltr'>B.</span> <span class='ocrx_word' id='word_1_491' title='bbox 1136 4015 1177 4078; x_wconf 90' lang='lat' dir='ltr'>(in</span> <span class='ocrx_word' id='word_1_492' title='bbox 1189 4016 1272 4079; x_wconf 83' lang='lat' dir='ltr'>adn).</span> <span class='ocrx_word' id='word_1_493' title='bbox 1282 4044 1314 4056; x_wconf 97' lang='lat'><em>-</em></span> <span class='ocrx_word' id='word_1_494' title='bbox 1324 4018 1411 4084; x_wconf 77' lang='lat' dir='ltr'>ullane]</span> <span class='ocrx_word' id='word_1_495' title='bbox 1422 4019 1551 4071; x_wconf 88' lang='lat' dir='ltr'>Schmid-</span> 
     </span>
     <span class='ocr_line' id='line_1_45' title="bbox 401 4092 1551 4161; baseline 0.003 -14"><span class='ocrx_word' id='word_1_496' title='bbox 401 4097 468 4160; x_wconf 86' lang='lat' dir='ltr'>tius,</span> <span class='ocrx_word' id='word_1_497' title='bbox 485 4096 553 4161; x_wconf 91' lang='lat' dir='ltr'>quia</span> <span class='ocrx_word' id='word_1_498' title='bbox 569 4095 666 4146; x_wconf 88' lang='lat' dir='ltr'>littera</span> <span class='ocrx_word' id='word_1_499' title='bbox 681 4113 707 4145; x_wconf 81' lang='lat' dir='ltr'>rn</span> <span class='ocrx_word' id='word_1_500' title='bbox 722 4099 789 4146; x_wconf 85' lang='lat' dir='ltr'>ante</span> <span class='ocrx_word' id='word_1_501' title='bbox 804 4111 829 4144; x_wconf 83' lang='lat' dir='ltr'>nn</span> <span class='ocrx_word' id='word_1_502' title='bbox 846 4092 988 4158; x_wconf 88' lang='lat' dir='ltr'>sequentis</span> <span class='ocrx_word' id='word_1_503' title='bbox 1004 4093 1035 4144; x_wconf 93' lang='lat' dir='ltr'>in</span> <span class='ocrx_word' id='word_1_504' title='bbox 1051 4093 1145 4146; x_wconf 90' lang='lat' dir='ltr'>codice</span> <span class='ocrx_word' id='word_1_505' title='bbox 1156 4096 1287 4146; x_wconf 87' lang='lat' dir='ltr'>vocabuli</span> <span class='ocrx_word' id='word_1_506' title='bbox 1299 4097 1414 4161; x_wconf 85' lang='lat' dir='ltr'>excidit,</span> <span class='ocrx_word' id='word_1_507' title='bbox 1427 4106 1479 4150; x_wconf 89' lang='lat' dir='ltr'>aut</span> <span class='ocrx_word' id='word_1_508' title='bbox 1491 4106 1551 4151; x_wconf 85' lang='lat' dir='ltr'>tan·</span> 
     </span>
     <span class='ocr_line' id='line_1_46' title="bbox 402 4175 1548 4248; baseline 0.002 -18"><span class='ocrx_word' id='word_1_509' title='bbox 402 4185 465 4230; x_wconf 90' lang='lat' dir='ltr'>tum</span> <span class='ocrx_word' id='word_1_510' title='bbox 481 4206 507 4222; x_wconf 56' lang='lat' dir='ltr'>a</span> <span class='ocrx_word' id='word_1_511' title='bbox 530 4177 704 4243; x_wconf 87' lang='lat' dir='ltr'>superposito</span> <span class='ocrx_word' id='word_1_512' title='bbox 720 4177 880 4242; x_wconf 88' lang='lat' dir='ltr'>significata</span> <span class='ocrx_word' id='word_1_513' title='bbox 896 4180 973 4240; x_wconf 80' lang='lat' dir='ltr'>erat3</span> <span class='ocrx_word' id='word_1_514' title='bbox 989 4175 1039 4225; x_wconf 85' lang='lat' dir='ltr'>ulli</span> <span class='ocrx_word' id='word_1_515' title='bbox 1051 4192 1077 4240; x_wconf 89' lang='lat' dir='ltr'>p.</span> <span class='ocrx_word' id='word_1_516' title='bbox 1091 4181 1119 4226; x_wconf 93' lang='lat' dir='ltr'>et</span> <span class='ocrx_word' id='word_1_517' title='bbox 1136 4177 1166 4227; x_wconf 89' lang='lat' dir='ltr'>B.</span> <span class='ocrx_word' id='word_1_518' title='bbox 1186 4205 1215 4215; x_wconf 91' lang='lat'>-</span> <span class='ocrx_word' id='word_1_519' title='bbox 1236 4179 1264 4228; x_wconf 87' lang='lat' dir='ltr'>in</span> <span class='ocrx_word' id='word_1_520' title='bbox 1287 4195 1376 4230; x_wconf 86' lang='lat' dir='ltr'>novem</span> <span class='ocrx_word' id='word_1_521' title='bbox 1400 4182 1548 4248; x_wconf 84' lang='lat' dir='ltr'>reciperent]</span> 
     </span>
     <span class='ocr_line' id='line_1_47' title="bbox 401 4256 1550 4325; baseline 0.003 -14"><span class='ocrx_word' id='word_1_522' title='bbox 401 4261 491 4325; x_wconf 87' lang='lat' dir='ltr'>suppl.</span> <span class='ocrx_word' id='word_1_523' title='bbox 507 4261 553 4325; x_wconf 85' lang='lat' dir='ltr'>B.;</span> <span class='ocrx_word' id='word_1_524' title='bbox 569 4264 727 4311; x_wconf 87' lang='lat' dir='ltr'>extremum</span> <span class='ocrx_word' id='word_1_525' title='bbox 743 4257 890 4309; x_wconf 83' lang='lat' dir='ltr'>columnae</span> <span class='ocrx_word' id='word_1_526' title='bbox 906 4256 1025 4308; x_wconf 89' lang='lat' dir='ltr'>verbum</span> <span class='ocrx_word' id='word_1_527' title='bbox 1036 4262 1078 4308; x_wconf 87' lang='lat' dir='ltr'>est</span> <span class='ocrx_word' id='word_1_528' title='bbox 1090 4258 1223 4310; x_wconf 83' lang='lat' dir='ltr'>NAUEM</span> <span class='ocrx_word' id='word_1_529' title='bbox 1233 4274 1239 4324; x_wconf 73' lang='grc' dir='ltr'>ς</span> <span class='ocrx_word' id='word_1_530' title='bbox 1251 4260 1278 4310; x_wconf 87' lang='lat' dir='ltr'>in</span> <span class='ocrx_word' id='word_1_531' title='bbox 1290 4277 1378 4312; x_wconf 84' lang='lat' dir='ltr'>nauem</span> <span class='ocrx_word' id='word_1_532' title='bbox 1389 4263 1550 4314; x_wconf 83' lang='lat' dir='ltr'>conscendere</span> 
     </span>
     <span class='ocr_line' id='line_1_48' title="bbox 405 4342 575 4406; baseline 0 -14"><span class='ocrx_word' id='word_1_533' title='bbox 405 4342 489 4393; x_wconf 85' lang='lat' dir='ltr'>liceret</span> <span class='ocrx_word' id='word_1_534' title='bbox 505 4357 529 4406; x_wconf 92' lang='lat' dir='ltr'>p.</span> <span class='ocrx_word' id='word_1_535' title='bbox 543 4369 575 4382; x_wconf 96' lang='lat'>-</span> 
     </span>
    </p>
   </div>
   <div class='ocr_carea' id='block_1_3' title="bbox 0 0 1843 5424">
    <p class='ocr_par' dir='ltr' id='par_1_3' title="bbox 0 0 1843 5424">
     <span class='ocr_line' id='line_1_49' title="bbox 0 0 1843 5424; baseline 0 0"><span class='ocrx_word' id='word_1_536' title='bbox 0 0 1843 5424; x_wconf 95' lang='lat' dir='ltr'> </span> 
     </span>
    </p>
   </div>
  </div>
 </body>
</html>
