3658 5424
765 528 925 590 ..51-

272 664 414 734 ignorare
428 661 628 718 simulavisse.
641 661 792 728 Quomodo
803 660 832 715 id
843 661 986 733 explicari
997 661 1093 734 possit
1104 660 1309 716 controversia
1322 665 1368 716 est
1380 661 1421 715 in·

273 757 320 805 ter
334 752 414 806 viros
428 750 545 806 doctos:
557 769 683 821 quorum
696 750 901 806 Franckenius
916 752 1037 822 propius
1048 749 1085 804 ed
1096 767 1200 805 verum
1210 751 1370 806 accessisse
1380 751 1422 806 vi·

272 839 360 894 detur
373 857 440 893 cum
455 837 536 893 dicat
555 840 594 910 (p.
614 839 679 910 253)
694 839 883 893 Licinianum
897 841 928 893 in
939 857 1072 894 errorem
1086 837 1242 893 inductum
1262 839 1419 909 Aquilium

273 946 339 983 curn
359 929 393 983 L.
412 929 515 984 Cassio
544 928 722 996 confudisse,
742 945 829 999 quem
849 947 867 983 a
896 929 1073 984 Mithridate
1101 927 1251 982 redditum
1272 946 1337 984 esse
1356 931 1419 1001 Ap-

261 1001 378 1090 ¹piaaus
397 1017 428 1088 (1.
449 1036 486 1072 m.
508 1019 570 1089 112)
590 1023 803 1072 commemorat
822 1018 870 1089 (cf.
884 1019 1017 1073 Dieckm.
1036 1036 1062 1089 p.
1082 1017 1136 1089 76).
1152 1048 1185 1059 -
1198 1018 1231 1073 in
1248 1018 1355 1088 primis
1373 1035 1421 1075 ecc·

272 1106 356 1180 cepti]
375 1131 408 1154 =
428 1107 533 1163 diserte
551 1107 668 1176 audita·
687 1107 723 1161 cf.
742 1107 808 1162 Liv.
828 1107 913 1176 XXI,
929 1109 961 1162 19
975 1107 1060 1164 sociis
1079 1111 1268 1178 utrorumque
1286 1108 1421 1178 conceptis.

272 1197 355 1264 Quod
374 1197 411 1252 ad
431 1216 493 1252 rem
512 1197 743 1278 attinet,silent
764 1198 871 1269 reliqui
890 1199 1060 1269 scriptores.
1077 1229 1108 1239 -
1126 1196 1235 1272 fuerat]
1250 1215 1317 1252 cum
1331 1216 1421 1252 enun-

273 1289 384 1342 ciatum
407 1305 557 1358 «palorum
576 1319 609 1328 —
627 1287 753 1357 fuerat·
779 1306 900 1343 causam
919 1286 1097 1358 afferatque
1111 1287 1289 1342 Macedones
1303 1289 1420 1359 excepti

272 1378 334 1432 sint
358 1377 510 1446 ‹fuisset›
534 1395 587 1449 pro
620 1377 769 1446 ‹faarai›
803 1377 993 1432 scribendum
1022 1382 1096 1434 eret.
1116 1407 1150 1418 -‹
1180 1374 1276 1450 iacias]
1295 1402 1330 1423 =
1349 1395 1419 1432 oon-

271 1470 387 1535 siralas,
407 1468 514 1538 quibus
533 1471 653 1538 apertae
671 1485 766 1522 neves
786 1473 977 1538 opponuntur
995 1469 1037 1538 (v.
1055 1468 1122 1522 Liv.
1141 1467 1184 1534 36,
1210 1467 1265 1538 43).
1285 1497 1319 1508 -
1338 1469 1422 1538 apud

271 1559 458 1624 Dardanum]
479 1557 660 1627 colloquium
679 1558 792 1611 factum
812 1563 859 1612 est
889 1563 923 1611 ut
952 1562 1054 1612 monet
1074 1556 1256 1612 Reinachius
1279 1557 1317 1628 (o.
1336 1576 1374 1611 m.
1395 1576 1421 1628 p.

273 1645 325 1699 205
344 1644 412 1699 adn.
441 1647 478 1716 2),
499 1649 600 1716 paucis
628 1645 780 1701 mensibus
809 1650 878 1716 post
905 1645 1068 1712 Deliacum,
1097 1647 1115 1699 i.
1135 1663 1159 1700 e.
1188 1663 1290 1700 mense
1319 1647 1421 1701 sextili

273 1737 344 1790 anni
362 1737 423 1790 669.
443 1767 477 1778 -
496 1735 649 1792 Ariobarci.
669 1768 702 1776 -
720 1735 842 1809 respuit]
861 1735 935 1790 Cum
954 1735 1037 1790 Sulla
1065 1735 1256 1790 Nicomedem
1286 1741 1316 1790 et
1336 1737 1421 1791 Ario·

272 1823 432 1879 benzonem
450 1825 621 1880 Mithridati
643 1824 775 1880 Dardani
789 1826 982 1880 reconciliare
997 1825 1095 1894 vellet,
1110 1825 1207 1879 noluit
1226 1825 1421 1882 Mithridates

272 1913 505 1968 Ariobarzanem
526 1914 562 1968 ud
583 1931 614 1968 se
633 1914 802 1982 admittere,
818 1920 852 1968 ut
865 1933 994 1981 servum,
1015 1917 1034 1968 i.
1057 1932 1080 1969 e.
1100 1933 1159 1969 non
1174 1933 1211 1969 ex
1224 1917 1308 1985 regia
1327 1917 1420 1986 stirpe

272 2008 385 2071 natum,
406 2009 495 2074 atque
515 2021 550 2059 ea
569 2022 601 2058 re
621 2004 719 2072 δοῦλον,
740 2005 923 2059 Asianarum
941 2006 1077 2075 gentium
1093 2005 1210 2059 ratione
1226 2005 1327 2076 (aliter
1341 2005 1420 2061 Plut.

273 2095 346 2152 Sall.
364 2093 428 2164 24);
448 2093 606 2148 constabat
626 2095 705 2148 enim
725 2093 931 2160 Ariobarzani,
950 2094 1117 2148 clarissimo
1136 2093 1255 2164 quidem
1275 2096 1349 2164 viro,
1369 2095 1421 2149 sed

273 2183 399 2253 privato,
418 2183 563 2238 Romanis
581 2183 762 2251 faventibus,
793 2181 998 2254 Cappadocum
1019 2181 1171 2254 suffragiis
1200 2183 1315 2253 aliquot
1334 2185 1422 2240 annis

236 2277 239 2280 ’
274 2277 344 2326 ante
371 2289 497 2342 regnum
525 2272 659 2326 delatum
688 2289 762 2327 esse.
783 2305 816 2312 -
844 2273 956 2344 reliqua
975 2271 1076 2345 classe]
1105 2274 1123 2326 i.
1146 2290 1170 2327 e.
1190 2272 1318 2328 navibus
1336 2290 1420 2342 quae,

274 2368 360 2432 pecto
379 2379 503 2419 numero
522 2361 666 2418 Romanis
677 2360 798 2430 tradito,
821 2364 886 2434 regi
907 2367 1093 2433 supererant.
1115 2363 1182 2416 Hoc
1204 2362 1269 2418 loeo
1292 2369 1422 2434 praeter·
1498 2367 1501 2373 ‘

273 2449 403 2505 eundum
421 2469 480 2506 non
500 2453 597 2507 estin
625 2451 837 2507 enumerandis
866 2453 947 2524 pacis
977 2451 1199 2506 condicionibus
1231 2452 1421 2506 Licinianum

274 2541 410 2616 omisisse
429 2546 567 2612 sumptus
586 2541 666 2606 belli,
688 2559 762 2611 quos
776 2547 810 2596 ut
824 2547 1039 2614 compensaret,
1060 2541 1251 2597 Mithridates
1264 2543 1324 2596 tria
1337 2541 1422 2596 milia

274 2629 457 2685 talentorum
478 2630 623 2686 Romanis
642 2631 759 2686 solvere
779 2630 922 2700 debebat,
943 2637 1107 2702 praeterea,
1137 2631 1222 2702 quod*
1238 2633 1339 2703 magni
1362 2649 1422 2686 mo-

273 2721 366 2774 menti
387 2725 441 2789 est,
459 2721 578 2775 veniam
598 2739 616 2774 a
635 2720 780 2775 Romanis
799 2720 901 2774 datam
921 2721 1058 2776 omnibus
1088 2721 1262 2776 civitatibus
1284 2721 1372 2776 Asiae
1392 2727 1422 2776 et

273 2809 409 2881 Europae
429 2827 504 2881 quae
523 2810 710 2866 Mithridatis
732 2817 833 2882 partes
847 2817 968 2866 secutae
981 2817 1083 2867 essent
1097 2811 1187 2882 (Plut.
1200 2813 1274 2869 Sall.
1287 2813 1330 2880 22,
1345 2812 1421 2882 App.

273 2902 307 2954 B.
326 2902 370 2954 M.
389 2900 432 2968 55,
451 2900 590 2954 Memnon
610 2901 665 2972 35).
686 2932 719 2942 —
739 2903 811 2956 duna
831 2931 863 2941 —
883 2900 1070 2974 disceptatur]
1095 2901 1138 2955 Ec
1156 2903 1300 2972 temporis
1323 2903 1421 2972 spatio
1473 2890 1475 2898 ¹

273 2987 350 3058 quod
369 3007 387 3042 a
405 2989 525 3044 Deliaco
545 2989 691 3059 colloquio
712 2990 862 3060 usquead
882 2989 1087 3045 Dardaniense
1107 2991 1289 3046 intercessit.
1309 3021 1343 3032 -

327 3078 360 3132 B.
379 3080 503 3134 Maedos
521 3082 548 3133 ei
565 3081 724 3134 Dardanos
744 3079 800 3152 etc]
823 3082 849 3134 Δ
872 3081 980 3134 ceteris
1005 3080 1202 3151 scriptoribus
1230 3079 1294 3135 sola
1322 3079 1423 3136 Sullae

275 3167 426 3238 expeditio
444 3169 475 3221 in
491 3167 614 3239 populos
633 3169 683 3238 qui
704 3171 799 3223 socios
818 3169 1023 3222 Romanorum
1042 3173 1229 3223 vexaverant
1248 3187 1423 3224 commemo·

274 3264 361 3312 ratur
383 3257 474 3328 (Plut.
502 3260 575 3316 Sall.
595 3258 646 3327 23;
667 3258 742 3330 App.
764 3259 865 3314 Miller.
886 3259 937 3326 55;
967 3259 1090 3330 Eutrop.
1111 3258 1143 3326 V,
1163 3259 1188 3325 4,
1208 3258 1253 3330 7),
1278 3258 1355 3330 apud
1375 3277 1422 3314 ne·

274 3349 384 3403 minem
404 3349 434 3402 in
453 3349 509 3402 hec
528 3365 560 3402 re
580 3353 682 3418 partes
710 3347 874 3403 Hortensio
896 3347 1127 3415 adscribuntur3
1156 3348 1331 3402 Licinianus
1361 3347 1424 3402 dili·

274 3439 395 3507 gentius
415 3439 464 3508 qui
485 3437 521 3491 ab
540 3438 705 3492 Hortensio
724 3439 775 3508 qui
794 3456 811 3491 a
839 3435 921 3491 Sulla
940 3437 1066 3492 subiecti
1096 3438 1157 3492 sint
1186 3437 1348 3508 distinguit
1373 3437 1423 3509 (cf.

201 3511 203 3516 ¹
272 3527 398 3582 Franck.
419 3546 444 3598 p.
464 3527 537 3598 261).
558 3525 736 3599 -Maedcsl
770 3543 844 3596 gens
863 3525 978 3580 Maced.
996 3524 1422 3597 (dequaThuoyd.II,98,2;

273 3615 350 3670 Plin.
370 3620 409 3672 H.
429 3619 466 3672 N.
491 3617 532 3683 14,
553 3616 604 3684 183
624 3616 721 3674 Strab.
740 3617 798 3671 VII
818 3635 844 3686 p.
864 3616 937 3687 316),
966 3633 1041 3686 quae
1061 3617 1144 3686 prius
1173 3615 1259 3686 pulsa
1287 3614 1324 3669 ab
1347 3615 1424 3670 Hor·

274 3708 372 3761 tensio
393 3707 485 3762 fuisse
505 3706 634 3774 videtur,
653 3713 719 3760 tum
738 3725 756 3760 a
775 3705 856 3760 Sulla
875 3705 1017 3760 subiecta.
1038 3737 1069 3748 -
1091 3723 1148 3776 qam
1162 3707 1368 3761 Dardanos-
1382 3723 1423 3761 re-

273 3794 355 3869 capit]
374 3795 487 3851 Hostes
506 3802 593 3851 erent
612 3814 671 3850 non
690 3795 787 3851 solum
807 3796 940 3850 Dardani
953 3801 983 3850 et
999 3796 1186 3861 Denseletae,
1200 3795 1252 3850 sed
1266 3797 1357 3850 etiam
1372 3795 1424 3850 alii

272 3883 372 3956 populi
391 3885 511 3940 barbari
532 3887 582 3956 qui
602 3886 639 3940 ab
659 3887 751 3940 armis
771 3885 923 3940 discedere
942 3884 1120 3954 noluerant;
1141 3886 1188 3940 his
1202 3886 1305 3950 caesiS,
1326 3884 1372 3939 illi
1391 3885 1422 3939 in

272 3973 453 4029 deditionem
481 3978 593 4047 recepti
616 3981 696 4031 sunt.
727 4007 760 4016 -
795 3973 974 4050 Denseletae]
1003 3974 1170 4048 Δενθελῆται
1197 3992 1272 4045 gens
1305 3974 1420 4028 Maced.

274 4063 383 4119 Theod.
403 4065 538 4121 Reinach
557 4068 594 4138 (o.
614 4085 651 4120 m.
672 4085 698 4138 p.
718 4067 772 4123 202
791 4065 857 4120 adn.
877 4067 906 4137 2)
920 4072 1021 4120 monet
1036 4064 1211 4120 Denselctes
1225 4083 1242 4118 a
1255 4064 1420 4132 Liciniano,

274 4157 325 4224 qui
344 4156 427 4212 solus
447 4173 497 4211 eos
517 4158 660 4223 nominat,
675 4174 726 4227 per
740 4173 873 4210 errorem
893 4156 1003 4210 allatos
1017 4173 1081 4210 esse
1100 4155 1149 4226 (cf.
1163 4155 1221 4210 Oic.
1236 4155 1269 4210 in
1284 4155 1421 4210 Pisonem

274 4245 317 4311 34,
335 4245 390 4317 24).
411 4277 443 4287 -
462 4244 624 4319 Nicomedi]
642 4245 828 4313 Nicomedes,
847 4247 957 4300 tertius
976 4246 1105 4312 nominc,
1125 4245 1176 4314 qui
1196 4249 1298 4315 postea
1324 4243 1423 4298 Philo·

274 4338 361 4404 pater
378 4333 546 4404 appellatus
565 4339 619 4402 est,
640 4352 718 4388 anno
737 4335 797 4404 666,
819 4353 836 4388 a
857 4335 990 4390 Ponticis
1008 4334 1100 4404 copiis
1119 4332 1264 4404 devictus,
1294 4349 1421 4403 regnum

275 4424 426 4477 amiserat.

700 4555 1002 4629 -οο-ἢοα-
