<?xml version="1.0" encoding="UTF-8"?>
<!DOCTYPE html PUBLIC "-//W3C//DTD XHTML 1.0 Transitional//EN"
    "http://www.w3.org/TR/xhtml1/DTD/xhtml1-transitional.dtd">
<html xmlns="http://www.w3.org/1999/xhtml" xml:lang="en" lang="en">
 <head>
  <title>
</title>
<meta http-equiv="Content-Type" content="text/html;charset=utf-8" />
  <meta name='ocr-system' content='tesseract 3.04.00' />
  <meta name='ocr-capabilities' content='ocr_page ocr_carea ocr_par ocr_line ocrx_word'/>
</head>
<body>
  <div class='ocr_page' id='page_1' title='image "./quaesupersunt00licigoog_0063.png"; bbox 0 0 3658 5424; ppageno 0'>
   <div class='ocr_carea' id='block_1_1' title="bbox 837 899 1145 974">
    <p class='ocr_par' dir='ltr' id='par_1_1' title="bbox 837 899 1145 974">
     <span class='ocr_line' id='line_1_1' title="bbox 837 899 1145 974; baseline -0.003 -1"><span class='ocrx_word' id='word_1_1' title='bbox 837 899 942 974; x_wconf 75' lang='lat' dir='ltr'>Llc.</span> <span class='ocrx_word' id='word_1_2' title='bbox 974 899 1145 974; x_wconf 77' lang='lat' dir='ltr'>XXXV.</span> 
     </span>
    </p>
   </div>
   <div class='ocr_carea' id='block_1_2' title="bbox 490 1148 1237 1234">
    <p class='ocr_par' dir='ltr' id='par_1_2' title="bbox 490 1148 1237 1234">
     <span class='ocr_line' id='line_1_2' title="bbox 490 1148 1237 1234; baseline -0.001 -21"><span class='ocrx_word' id='word_1_3' title='bbox 490 1149 552 1213; x_wconf 74' lang='lat' dir='ltr'>ror</span> <span class='ocrx_word' id='word_1_4' title='bbox 592 1148 642 1214; x_wconf 90' lang='lat' dir='ltr'>VI</span> <span class='ocrx_word' id='word_1_5' title='bbox 661 1170 698 1234; x_wconf 83' lang='lat' dir='ltr'>r,</span> <span class='ocrx_word' id='word_1_6' title='bbox 721 1169 800 1233; x_wconf 77' lang='lat' dir='ltr'>pop.</span> <span class='ocrx_word' id='word_1_7' title='bbox 827 1149 935 1213; x_wconf 77' lang='lat'><em>39-40</em></span> <span class='ocrx_word' id='word_1_8' title='bbox 953 1171 1000 1234; x_wconf 83' lang='lat' dir='ltr'>p,</span> <span class='ocrx_word' id='word_1_9' title='bbox 1023 1169 1101 1234; x_wconf 74' lang='lat' dir='ltr'>pop.</span> <span class='ocrx_word' id='word_1_10' title='bbox 1128 1152 1174 1214; x_wconf 80' lang='lat'>33</span> <span class='ocrx_word' id='word_1_11' title='bbox 1197 1151 1237 1213; x_wconf 87' lang='lat' dir='ltr'>B.</span> 
     </span>
    </p>
   </div>
   <div class='ocr_carea' id='block_1_3' title="bbox 423 1310 1562 3546">
    <p class='ocr_par' dir='ltr' id='par_1_3' title="bbox 423 1310 1561 2364">
     <span class='ocr_line' id='line_1_3' title="bbox 423 1310 1556 1398; baseline -0.004 -19"><span class='ocrx_word' id='word_1_12' title='bbox 423 1312 464 1379; x_wconf 87' lang='lat' dir='ltr'>A.</span> <span class='ocrx_word' id='word_1_13' title='bbox 491 1362 565 1378; x_wconf 90' lang='lat'>....</span> <span class='ocrx_word' id='word_1_14' title='bbox 589 1310 688 1376; x_wconf 82' lang='lat' dir='ltr'>Sulla</span> <span class='ocrx_word' id='word_1_15' title='bbox 704 1310 860 1375; x_wconf 75' lang='lat' dir='ltr'><strong>Athenas</strong></span> <span class='ocrx_word' id='word_1_16' title='bbox 891 1332 1046 1376; x_wconf 88' lang='lat' dir='ltr'>reversus</span> <span class='ocrx_word' id='word_1_17' title='bbox 1063 1312 1101 1375; x_wconf 90' lang='lat' dir='ltr'>in</span> <span class='ocrx_word' id='word_1_18' title='bbox 1118 1311 1293 1398; x_wconf 88' lang='lat' dir='ltr'>principes</span> <span class='ocrx_word' id='word_1_19' title='bbox 1317 1310 1497 1376; x_wconf 76' lang='lat' dir='ltr'>seditionis</span> <span class='ocrx_word' id='word_1_20' title='bbox 1522 1315 1556 1375; x_wconf 87' lang='lat' dir='ltr'>et</span> 
     </span>
     <span class='ocr_line' id='line_1_4' title="bbox 490 1415 1553 1504; baseline 0 -22"><span class='ocrx_word' id='word_1_21' title='bbox 490 1417 612 1483; x_wconf 86' lang='lat' dir='ltr'>noxios</span> <span class='ocrx_word' id='word_1_22' title='bbox 636 1415 884 1484; x_wconf 85' lang='lat' dir='ltr'>animadvertit</span> <span class='ocrx_word' id='word_1_23' title='bbox 908 1416 1105 1504; x_wconf 82' lang='lat' dir='ltr'>violentius,</span> <span class='ocrx_word' id='word_1_24' title='bbox 1132 1417 1343 1484; x_wconf 86' lang='lat' dir='ltr'>conservatis</span> <span class='ocrx_word' id='word_1_25' title='bbox 1366 1416 1553 1503; x_wconf 89' lang='lat' dir='ltr'>reliquis..</span> 
     </span>
     <span class='ocr_line' id='line_1_5' title="bbox 491 1523 1557 1610; baseline -0.002 -20"><span class='ocrx_word' id='word_1_26' title='bbox 491 1575 1444 1594; x_wconf 82' lang='lat'><strong>...........................................</strong></span> <span class='ocrx_word' id='word_1_27' title='bbox 1459 1523 1557 1610; x_wconf 91' lang='lat' dir='ltr'>quin-</span> 
     </span>
     <span class='ocr_line' id='line_1_6' title="bbox 491 1631 1558 1720; baseline -0.002 -22"><span class='ocrx_word' id='word_1_28' title='bbox 491 1633 659 1720; x_wconf 78' lang='lat' dir='ltr'>quaginta</span> <span class='ocrx_word' id='word_1_29' title='bbox 675 1631 774 1697; x_wconf 89' lang='lat' dir='ltr'>milia</span> <span class='ocrx_word' id='word_1_30' title='bbox 790 1632 946 1719; x_wconf 85' lang='lat' dir='ltr'>peditum</span> <span class='ocrx_word' id='word_1_31' title='bbox 964 1633 1186 1718; x_wconf 74' lang='lat' dir='ltr'>equitumque</span> <span class='ocrx_word' id='word_1_32' title='bbox 1199 1655 1277 1698; x_wconf 88' lang='lat' dir='ltr'>cum</span> <span class='ocrx_word' id='word_1_33' title='bbox 1290 1633 1444 1718; x_wconf 89' lang='lat' dir='ltr'>Dorylao</span> <span class='ocrx_word' id='word_1_34' title='bbox 1462 1655 1558 1719; x_wconf 87' lang='lat' dir='ltr'>prae-</span> 
     </span>
     <span class='ocr_line' id='line_1_7' title="bbox 491 1739 1556 1827; baseline -0.002 -21"><span class='ocrx_word' id='word_1_35' title='bbox 491 1740 603 1806; x_wconf 89' lang='lat' dir='ltr'>mittit</span> <span class='ocrx_word' id='word_1_36' title='bbox 615 1746 649 1804; x_wconf 92' lang='lat' dir='ltr'>et</span> <span class='ocrx_word' id='word_1_37' title='bbox 662 1739 847 1825; x_wconf 82' lang='lat' dir='ltr'>quadrigas</span> <span class='ocrx_word' id='word_1_38' title='bbox 860 1740 1062 1826; x_wconf 85' lang='lat' dir='ltr'>essedasque</span> <span class='ocrx_word' id='word_1_39' title='bbox 1075 1741 1296 1827; x_wconf 78' lang='lat' dir='ltr'>septuaginta</span> <span class='ocrx_word' id='word_1_40' title='bbox 1310 1739 1358 1804; x_wconf 89' lang='lat' dir='ltr'>eis</span> <span class='ocrx_word' id='word_1_41' title='bbox 1371 1739 1479 1806; x_wconf 83' lang='lat' dir='ltr'>addit.</span> <span class='ocrx_word' id='word_1_42' title='bbox 1493 1740 1556 1804; x_wconf 92' lang='lat' dir='ltr'>Ar-</span> 
     </span>
     <span class='ocr_line' id='line_1_8' title="bbox 492 1847 1558 1934; baseline -0.001 -21"><span class='ocrx_word' id='word_1_43' title='bbox 492 1849 631 1914; x_wconf 87' lang='lat' dir='ltr'>chelaus</span> <span class='ocrx_word' id='word_1_44' title='bbox 655 1848 772 1913; x_wconf 87' lang='lat' dir='ltr'>decem</span> <span class='ocrx_word' id='word_1_45' title='bbox 789 1847 926 1912; x_wconf 89' lang='lat' dir='ltr'>circiter</span> <span class='ocrx_word' id='word_1_46' title='bbox 941 1847 1039 1913; x_wconf 90' lang='lat' dir='ltr'>milia</span> <span class='ocrx_word' id='word_1_47' title='bbox 1053 1900 1352 1916; x_wconf 90' lang='grc'><strong><em>..............</em></strong></span> <span class='ocrx_word' id='word_1_48' title='bbox 1370 1849 1558 1934; x_wconf 85' lang='lat' dir='ltr'>collegerat</span> 
     </span>
     <span class='ocr_line' id='line_1_9' title="bbox 493 1955 1558 2042; baseline -0.002 -21"><span class='ocrx_word' id='word_1_49' title='bbox 493 1963 527 2021; x_wconf 88' lang='lat' dir='ltr'>et</span> <span class='ocrx_word' id='word_1_50' title='bbox 540 2007 821 2023; x_wconf 87' lang='lat'>.............</span> <span class='ocrx_word' id='word_1_51' title='bbox 846 1955 960 2042; x_wconf 83' lang='lat' dir='ltr'>longis</span> <span class='ocrx_word' id='word_1_52' title='bbox 984 1956 1131 2022; x_wconf 89' lang='lat' dir='ltr'>navibus</span> <span class='ocrx_word' id='word_1_53' title='bbox 1156 1956 1286 2022; x_wconf 90' lang='lat' dir='ltr'>insulas</span> <span class='ocrx_word' id='word_1_54' title='bbox 1303 1956 1472 2022; x_wconf 85' lang='lat' dir='ltr'>vastabat.</span> <span class='ocrx_word' id='word_1_55' title='bbox 1490 1955 1558 2042; x_wconf 90' lang='lat' dir='ltr'>pri-</span> 
     </span>
     <span class='ocr_line' id='line_1_10' title="bbox 492 2062 1555 2149; baseline -0.001 -20"><span class='ocrx_word' id='word_1_56' title='bbox 492 2086 547 2130; x_wconf 92' lang='lat' dir='ltr'>mo</span> <span class='ocrx_word' id='word_1_57' title='bbox 565 2063 620 2128; x_wconf 86' lang='lat' dir='ltr'>die</span> <span class='ocrx_word' id='word_1_58' title='bbox 637 2062 751 2149; x_wconf 84' lang='lat' dir='ltr'>fugati</span> <span class='ocrx_word' id='word_1_59' title='bbox 768 2062 905 2129; x_wconf 86' lang='lat' dir='ltr'>Pontici</span> <span class='ocrx_word' id='word_1_60' title='bbox 921 2069 956 2128; x_wconf 86' lang='lat' dir='ltr'>et</span> <span class='ocrx_word' id='word_1_61' title='bbox 971 2063 1137 2128; x_wconf 76' lang='lat' dir='ltr'>Archelai</span> <span class='ocrx_word' id='word_1_62' title='bbox 1154 2063 1247 2128; x_wconf 90' lang='lat' dir='ltr'>filius</span> <span class='ocrx_word' id='word_1_63' title='bbox 1264 2063 1404 2147; x_wconf 83' lang='lat' dir='ltr'>occisus,</span> <span class='ocrx_word' id='word_1_64' title='bbox 1423 2063 1555 2143; x_wconf 87' lang='lat' dir='ltr'>deinde,</span> 
     </span>
     <span class='ocr_line' id='line_1_11' title="bbox 492 2171 1558 2259; baseline -0.001 -22"><span class='ocrx_word' id='word_1_65' title='bbox 492 2171 577 2258; x_wconf 83' lang='lat' dir='ltr'>fuga</span> <span class='ocrx_word' id='word_1_66' title='bbox 600 2195 792 2259; x_wconf 89' lang='lat' dir='ltr'>suppressa,</span> <span class='ocrx_word' id='word_1_67' title='bbox 818 2194 852 2236; x_wconf 89' lang='lat' dir='ltr'>se</span> <span class='ocrx_word' id='word_1_68' title='bbox 879 2179 984 2237; x_wconf 90' lang='lat' dir='ltr'>noctu</span> <span class='ocrx_word' id='word_1_69' title='bbox 1007 2172 1045 2236; x_wconf 92' lang='lat' dir='ltr'>in</span> <span class='ocrx_word' id='word_1_70' title='bbox 1069 2171 1229 2258; x_wconf 86' lang='lat' dir='ltr'>operibus</span> <span class='ocrx_word' id='word_1_71' title='bbox 1246 2171 1482 2239; x_wconf 80' lang='lat' dir='ltr'>continebant.</span> <span class='ocrx_word' id='word_1_72' title='bbox 1499 2172 1558 2236; x_wconf 92' lang='lat' dir='ltr'>sed</span> 
     </span>
     <span class='ocr_line' id='line_1_12' title="bbox 490 2277 1561 2364; baseline 0.001 -23"><span class='ocrx_word' id='word_1_73' title='bbox 490 2277 638 2343; x_wconf 84' lang='lat' dir='ltr'>ferocius</span> <span class='ocrx_word' id='word_1_74' title='bbox 678 2277 827 2364; x_wconf 88' lang='lat' dir='ltr'>impetus</span> <span class='ocrx_word' id='word_1_75' title='bbox 866 2277 1000 2364; x_wconf 85' lang='lat' dir='ltr'>factus,</span> <span class='ocrx_word' id='word_1_76' title='bbox 1037 2283 1072 2342; x_wconf 89' lang='lat' dir='ltr'>et</span> <span class='ocrx_word' id='word_1_77' title='bbox 1106 2277 1236 2342; x_wconf 88' lang='lat' dir='ltr'>milites</span> <span class='ocrx_word' id='word_1_78' title='bbox 1272 2277 1382 2342; x_wconf 86' lang='lat' dir='ltr'>nostri</span> <span class='ocrx_word' id='word_1_79' title='bbox 1424 2279 1561 2364; x_wconf 66' lang='lat' dir='ltr'>castrat</span> 
     </span>
    </p>

    <p class='ocr_par' dir='ltr' id='par_1_4' title="bbox 425 2383 1560 2904">
     <span class='ocr_line' id='line_1_13' title="bbox 425 2383 1559 2472; baseline -0.003 -21"><span class='ocrx_word' id='word_1_80' title='bbox 425 2388 464 2451; x_wconf 87' lang='lat' dir='ltr'>B.</span> <span class='ocrx_word' id='word_1_81' title='bbox 490 2384 642 2472; x_wconf 89' lang='lat' dir='ltr'>capiunt,</span> <span class='ocrx_word' id='word_1_82' title='bbox 668 2383 819 2449; x_wconf 86' lang='lat' dir='ltr'>hostium</span> <span class='ocrx_word' id='word_1_83' title='bbox 844 2383 1104 2450; x_wconf 89' lang='lat' dir='ltr'>multitudinem</span> <span class='ocrx_word' id='word_1_84' title='bbox 1132 2383 1421 2450; x_wconf 84' lang='lat' dir='ltr'>innumerabilem</span> <span class='ocrx_word' id='word_1_85' title='bbox 1449 2384 1559 2450; x_wconf 88' lang='grc'><strong>111111-</strong></span> 
     </span>
     <span class='ocr_line' id='line_1_14' title="bbox 493 2491 1560 2578; baseline -0.001 -20"><span class='ocrx_word' id='word_1_86' title='bbox 493 2491 589 2578; x_wconf 88' lang='lat' dir='ltr'>dunt,</span> <span class='ocrx_word' id='word_1_87' title='bbox 615 2491 765 2578; x_wconf 89' lang='lat' dir='ltr'>amplius</span> <span class='ocrx_word' id='word_1_88' title='bbox 781 2494 887 2557; x_wconf 89' lang='lat' dir='ltr'>XXV</span> <span class='ocrx_word' id='word_1_89' title='bbox 905 2492 1003 2558; x_wconf 88' lang='lat' dir='ltr'>milia</span> <span class='ocrx_word' id='word_1_90' title='bbox 1021 2492 1166 2578; x_wconf 90' lang='lat' dir='ltr'>capiunt</span> <span class='ocrx_word' id='word_1_91' title='bbox 1183 2515 1269 2577; x_wconf 90' lang='lat' dir='ltr'>quae</span> <span class='ocrx_word' id='word_1_92' title='bbox 1286 2498 1405 2578; x_wconf 87' lang='lat' dir='ltr'>postea</span> <span class='ocrx_word' id='word_1_93' title='bbox 1429 2494 1491 2557; x_wconf 91' lang='lat' dir='ltr'>sub</span> <span class='ocrx_word' id='word_1_94' title='bbox 1508 2515 1560 2558; x_wconf 92' lang='lat' dir='ltr'>co-</span> 
     </span>
     <span class='ocr_line' id='line_1_15' title="bbox 492 2598 1558 2686; baseline 0.001 -23"><span class='ocrx_word' id='word_1_95' title='bbox 492 2622 577 2665; x_wconf 90' lang='lat' dir='ltr'>rona</span> <span class='ocrx_word' id='word_1_96' title='bbox 600 2598 792 2664; x_wconf 86' lang='lat' dir='ltr'>venierunt.</span> <span class='ocrx_word' id='word_1_97' title='bbox 819 2600 1010 2665; x_wconf 84' lang='lat' dir='ltr'>Archelaus</span> <span class='ocrx_word' id='word_1_98' title='bbox 1036 2600 1181 2686; x_wconf 86' lang='lat' dir='ltr'>parvulo</span> <span class='ocrx_word' id='word_1_99' title='bbox 1198 2598 1339 2685; x_wconf 82' lang='lat' dir='ltr'>navigio</span> <span class='ocrx_word' id='word_1_100' title='bbox 1358 2599 1558 2665; x_wconf 75' lang='lat' dir='ltr'>Chalcidem</span> 
     </span>
     <span class='ocr_line' id='line_1_16' title="bbox 494 2705 1559 2793; baseline 0.001 -24"><span class='ocrx_word' id='word_1_101' title='bbox 494 2707 705 2792; x_wconf 80' lang='lat' dir='ltr'>deportatur.</span> <span class='ocrx_word' id='word_1_102' title='bbox 720 2707 810 2792; x_wconf 84' lang='lat' dir='ltr'>regii</span> <span class='ocrx_word' id='word_1_103' title='bbox 827 2707 885 2791; x_wconf 93' lang='lat' dir='ltr'>qui</span> <span class='ocrx_word' id='word_1_104' title='bbox 902 2706 1059 2772; x_wconf 90' lang='lat' dir='ltr'>Abderae</span> <span class='ocrx_word' id='word_1_105' title='bbox 1076 2705 1327 2792; x_wconf 84' lang='lat' dir='ltr'>praesidebant,</span> <span class='ocrx_word' id='word_1_106' title='bbox 1345 2705 1456 2793; x_wconf 87' lang='lat' dir='ltr'>captis</span> <span class='ocrx_word' id='word_1_107' title='bbox 1480 2707 1559 2772; x_wconf 91' lang='lat' dir='ltr'>Phi-</span> 
     </span>
     <span class='ocr_line' id='line_1_17' title="bbox 493 2811 846 2904; baseline 0 -23"><span class='ocrx_word' id='word_1_108' title='bbox 493 2817 610 2904; x_wconf 87' lang='lat' dir='ltr'>lippis,</span> <span class='ocrx_word' id='word_1_109' title='bbox 635 2811 846 2881; x_wconf 82' lang='lat' dir='ltr'>dilabuntur.</span> 
     </span>
    </p>

    <p class='ocr_par' dir='ltr' id='par_1_5' title="bbox 493 2921 1562 3546">
     <span class='ocr_line' id='line_1_18' title="bbox 538 2921 1561 3010; baseline -0.004 -20"><span class='ocrx_word' id='word_1_110' title='bbox 538 2924 758 3010; x_wconf 81' lang='lat' dir='ltr'>Colloquium</span> <span class='ocrx_word' id='word_1_111' title='bbox 783 2923 900 2988; x_wconf 80' lang='lat' dir='ltr'>Sullae</span> <span class='ocrx_word' id='word_1_112' title='bbox 929 2928 962 2987; x_wconf 87' lang='lat' dir='ltr'>et</span> <span class='ocrx_word' id='word_1_113' title='bbox 986 2922 1182 2988; x_wconf 76' lang='lat' dir='ltr'>Archelauo</span> <span class='ocrx_word' id='word_1_114' title='bbox 1216 2922 1252 2986; x_wconf 90' lang='lat' dir='ltr'>in</span> <span class='ocrx_word' id='word_1_115' title='bbox 1283 2922 1411 2987; x_wconf 89' lang='lat' dir='ltr'>Aulide</span> <span class='ocrx_word' id='word_1_116' title='bbox 1435 2921 1503 2987; x_wconf 87' lang='lat' dir='ltr'>fuit</span> <span class='ocrx_word' id='word_1_117' title='bbox 1527 2928 1561 2986; x_wconf 86' lang='lat' dir='ltr'>et</span> 
     </span>
     <span class='ocr_line' id='line_1_19' title="bbox 493 3029 1561 3118; baseline -0.003 -20"><span class='ocrx_word' id='word_1_118' title='bbox 493 3032 712 3099; x_wconf 87' lang='lat' dir='ltr'>condiciones</span> <span class='ocrx_word' id='word_1_119' title='bbox 735 3030 928 3118; x_wconf 82' lang='lat' dir='ltr'>impositae,</span> <span class='ocrx_word' id='word_1_120' title='bbox 947 3029 976 3094; x_wconf 88' lang='lat' dir='ltr'>si</span> <span class='ocrx_word' id='word_1_121' title='bbox 992 3053 1052 3094; x_wconf 81' lang='lat' dir='ltr'>rex</span> <span class='ocrx_word' id='word_1_122' title='bbox 1069 3053 1189 3116; x_wconf 92' lang='lat' dir='ltr'>paoem</span> <span class='ocrx_word' id='word_1_123' title='bbox 1214 3030 1343 3096; x_wconf 90' lang='lat' dir='ltr'>mallet.</span> <span class='ocrx_word' id='word_1_124' title='bbox 1361 3029 1484 3114; x_wconf 89' lang='lat' dir='ltr'>quibus</span> <span class='ocrx_word' id='word_1_125' title='bbox 1501 3030 1561 3095; x_wconf 90' lang='lat' dir='ltr'>ille</span> 
     </span>
     <span class='ocr_line' id='line_1_20' title="bbox 494 3137 1558 3228; baseline -0.002 -24"><span class='ocrx_word' id='word_1_126' title='bbox 494 3139 634 3206; x_wconf 90' lang='lat' dir='ltr'>tandem</span> <span class='ocrx_word' id='word_1_127' title='bbox 658 3137 784 3228; x_wconf 88' lang='lat' dir='ltr'>paruit.</span> <span class='ocrx_word' id='word_1_128' title='bbox 809 3160 891 3202; x_wconf 89' lang='lat' dir='ltr'>nam</span> <span class='ocrx_word' id='word_1_129' title='bbox 915 3143 950 3202; x_wconf 87' lang='lat' dir='ltr'>et</span> <span class='ocrx_word' id='word_1_130' title='bbox 974 3137 1149 3203; x_wconf 84' lang='lat' dir='ltr'>Fimbriae</span> <span class='ocrx_word' id='word_1_131' title='bbox 1176 3137 1367 3204; x_wconf 83' lang='lat' dir='ltr'>adventum</span> <span class='ocrx_word' id='word_1_132' title='bbox 1396 3137 1558 3220; x_wconf 89' lang='lat' dir='ltr'>timebat,</span> 
     </span>
     <span class='ocr_line' id='line_1_21' title="bbox 494 3245 1561 3329; baseline -0.002 -15"><span class='ocrx_word' id='word_1_133' title='bbox 494 3255 533 3314; x_wconf 92' lang='lat' dir='ltr'>ut</span> <span class='ocrx_word' id='word_1_134' title='bbox 557 3270 637 3313; x_wconf 88' lang='lat' dir='ltr'>mox</span> <span class='ocrx_word' id='word_1_135' title='bbox 662 3246 781 3313; x_wconf 88' lang='lat' dir='ltr'>ordine</span> <span class='ocrx_word' id='word_1_136' title='bbox 804 3246 974 3329; x_wconf 86' lang='lat' dir='ltr'>indicab0,</span> <span class='ocrx_word' id='word_1_137' title='bbox 989 3251 1024 3311; x_wconf 90' lang='lat' dir='ltr'>et</span> <span class='ocrx_word' id='word_1_138' title='bbox 1040 3269 1075 3310; x_wconf 89' lang='lat' dir='ltr'>se</span> <span class='ocrx_word' id='word_1_139' title='bbox 1099 3246 1140 3311; x_wconf 87' lang='lat' dir='ltr'>de</span> <span class='ocrx_word' id='word_1_140' title='bbox 1154 3245 1333 3312; x_wconf 88' lang='lat' dir='ltr'>conventis</span> <span class='ocrx_word' id='word_1_141' title='bbox 1350 3245 1440 3309; x_wconf 88' lang='lat' dir='ltr'>nihil</span> <span class='ocrx_word' id='word_1_142' title='bbox 1458 3268 1561 3312; x_wconf 89' lang='lat' dir='ltr'>nova-</span> 
     </span>
     <span class='ocr_line' id='line_1_22' title="bbox 494 3352 1562 3441; baseline -0.003 -21"><span class='ocrx_word' id='word_1_143' title='bbox 494 3361 611 3420; x_wconf 89' lang='lat' dir='ltr'>turum</span> <span class='ocrx_word' id='word_1_144' title='bbox 636 3355 734 3420; x_wconf 84' lang='lat' dir='ltr'>Sulla</span> <span class='ocrx_word' id='word_1_145' title='bbox 757 3353 985 3441; x_wconf 84' lang='lat' dir='ltr'>praedixerat.</span> <span class='ocrx_word' id='word_1_146' title='bbox 1018 3352 1160 3418; x_wconf 87' lang='lat' dir='ltr'>fuerunt</span> <span class='ocrx_word' id='word_1_147' title='bbox 1190 3359 1306 3417; x_wconf 91' lang='lat' dir='ltr'>autem</span> <span class='ocrx_word' id='word_1_148' title='bbox 1332 3352 1415 3418; x_wconf 89' lang='lat' dir='ltr'>hae:</span> <span class='ocrx_word' id='word_1_149' title='bbox 1434 3352 1562 3418; x_wconf 88' lang='lat' dir='ltr'>Arche-</span> 
     </span>
     <span class='ocr_line' id='line_1_23' title="bbox 497 3460 1559 3546; baseline -0.002 -18"><span class='ocrx_word' id='word_1_150' title='bbox 497 3465 595 3530; x_wconf 91' lang='lat' dir='ltr'>lavus</span> <span class='ocrx_word' id='word_1_151' title='bbox 620 3464 764 3528; x_wconf 88' lang='lat' dir='ltr'>classem</span> <span class='ocrx_word' id='word_1_152' title='bbox 794 3461 945 3529; x_wconf 91' lang='lat' dir='ltr'>traderet</span> <span class='ocrx_word' id='word_1_153' title='bbox 976 3462 1110 3545; x_wconf 80' lang='lat' dir='ltr'>Sullae,</span> <span class='ocrx_word' id='word_1_154' title='bbox 1140 3485 1200 3526; x_wconf 86' lang='lat' dir='ltr'>rex</span> <span class='ocrx_word' id='word_1_155' title='bbox 1235 3460 1358 3527; x_wconf 89' lang='lat' dir='ltr'>insulis</span> <span class='ocrx_word' id='word_1_156' title='bbox 1383 3461 1559 3546; x_wconf 89' lang='lat' dir='ltr'>omnibus,</span> 
     </span>
    </p>
   </div>
   <div class='ocr_carea' id='block_1_4' title="bbox 497 3569 802 3657">
    <p class='ocr_par' dir='ltr' id='par_1_6' title="bbox 497 3569 802 3657">
     <span class='ocr_line' id='line_1_24' title="bbox 497 3569 802 3657; baseline -0.003 -20"><span class='ocrx_word' id='word_1_157' title='bbox 497 3571 591 3649; x_wconf 87' lang='lat' dir='ltr'>Asia,</span> <span class='ocrx_word' id='word_1_158' title='bbox 617 3569 802 3657; x_wconf 88' lang='lat' dir='ltr'>Bithynia,</span> 
     </span>
    </p>
   </div>
   <div class='ocr_carea' id='block_1_5' title="bbox 423 3890 1573 4684">
    <p class='ocr_par' dir='ltr' id='par_1_7' title="bbox 423 3890 1573 4684">
     <span class='ocr_line' id='line_1_25' title="bbox 470 3890 1569 3958; baseline -0.001 -15"><span class='ocrx_word' id='word_1_159' title='bbox 470 3895 503 3944; x_wconf 92' lang='lat' dir='ltr'>A.</span> <span class='ocrx_word' id='word_1_160' title='bbox 520 3893 620 3958; x_wconf 87' lang='lat' dir='ltr'>Margo</span> <span class='ocrx_word' id='word_1_161' title='bbox 636 3892 721 3943; x_wconf 90' lang='lat' dir='ltr'>huius</span> <span class='ocrx_word' id='word_1_162' title='bbox 732 3893 878 3943; x_wconf 85' lang='lat' dir='ltr'>columnae</span> <span class='ocrx_word' id='word_1_163' title='bbox 890 3890 1010 3941; x_wconf 85' lang='lat' dir='ltr'>exterior</span> <span class='ocrx_word' id='word_1_164' title='bbox 1027 3891 1143 3941; x_wconf 86' lang='lat' dir='ltr'>avulsus</span> <span class='ocrx_word' id='word_1_165' title='bbox 1156 3897 1205 3953; x_wconf 84' lang='lat' dir='ltr'>est,</span> <span class='ocrx_word' id='word_1_166' title='bbox 1217 3890 1259 3940; x_wconf 88' lang='lat' dir='ltr'>ita</span> <span class='ocrx_word' id='word_1_167' title='bbox 1276 3896 1308 3941; x_wconf 89' lang='lat' dir='ltr'>ut</span> <span class='ocrx_word' id='word_1_168' title='bbox 1321 3895 1377 3940; x_wconf 88' lang='lat' dir='ltr'>tres</span> <span class='ocrx_word' id='word_1_169' title='bbox 1390 3892 1445 3942; x_wconf 84' lang='lat' dir='ltr'>sere</span> <span class='ocrx_word' id='word_1_170' title='bbox 1458 3891 1569 3942; x_wconf 83' lang='lat' dir='ltr'>litterae</span> 
     </span>
     <span class='ocr_line' id='line_1_26' title="bbox 423 3971 1571 4038; baseline -0.002 -13"><span class='ocrx_word' id='word_1_171' title='bbox 423 3973 626 4036; x_wconf 84' lang='lat' dir='ltr'>desiderentur,</span> <span class='ocrx_word' id='word_1_172' title='bbox 643 3990 675 4038; x_wconf 82' lang='lat' dir='ltr'>p3</span> <span class='ocrx_word' id='word_1_173' title='bbox 692 3972 763 4026; x_wconf 83' lang='lat' dir='ltr'>adde</span> <span class='ocrx_word' id='word_1_174' title='bbox 780 3972 854 4037; x_wconf 91' lang='lat' dir='ltr'>quod</span> <span class='ocrx_word' id='word_1_175' title='bbox 872 3972 996 4036; x_wconf 87' lang='lat' dir='ltr'>plerique</span> <span class='ocrx_word' id='word_1_176' title='bbox 1012 3988 1110 4024; x_wconf 87' lang='lat' dir='ltr'>versus</span> <span class='ocrx_word' id='word_1_177' title='bbox 1126 3971 1168 4021; x_wconf 87' lang='grc'>111</span> <span class='ocrx_word' id='word_1_178' title='bbox 1185 3976 1253 4022; x_wconf 84' lang='lat' dir='ltr'>sunt</span> <span class='ocrx_word' id='word_1_179' title='bbox 1269 3973 1395 4036; x_wconf 84' lang='lat' dir='ltr'>corrupti</span> <span class='ocrx_word' id='word_1_180' title='bbox 1413 3977 1446 4023; x_wconf 91' lang='lat' dir='ltr'>ut</span> <span class='ocrx_word' id='word_1_181' title='bbox 1463 3975 1492 4023; x_wconf 91' lang='lat' dir='ltr'>B.</span> <span class='ocrx_word' id='word_1_182' title='bbox 1509 3990 1571 4024; x_wconf 89' lang='lat' dir='ltr'>sen-</span> 
     </span>
     <span class='ocr_line' id='line_1_27' title="bbox 423 4053 1570 4119; baseline -0.003 -13"><span class='ocrx_word' id='word_1_183' title='bbox 423 4072 487 4106; x_wconf 90' lang='lat' dir='ltr'>sum</span> <span class='ocrx_word' id='word_1_184' title='bbox 504 4054 597 4119; x_wconf 85' lang='lat' dir='ltr'>potius</span> <span class='ocrx_word' id='word_1_185' title='bbox 613 4055 745 4105; x_wconf 84' lang='lat' dir='ltr'>hariolati</span> <span class='ocrx_word' id='word_1_186' title='bbox 769 4054 828 4104; x_wconf 87' lang='lat' dir='ltr'>sint</span> <span class='ocrx_word' id='word_1_187' title='bbox 852 4070 938 4117; x_wconf 86' lang='lat' dir='ltr'>quam</span> <span class='ocrx_word' id='word_1_188' title='bbox 959 4053 1109 4105; x_wconf 88' lang='lat' dir='ltr'>verborum</span> <span class='ocrx_word' id='word_1_189' title='bbox 1135 4057 1301 4103; x_wconf 84' lang='lat' dir='ltr'>contextum</span> <span class='ocrx_word' id='word_1_190' title='bbox 1327 4055 1514 4118; x_wconf 86' lang='lat' dir='ltr'>interpretati.</span> <span class='ocrx_word' id='word_1_191' title='bbox 1539 4084 1570 4092; x_wconf 97' lang='lat'>-</span> 
     </span>
     <span class='ocr_line' id='line_1_28' title="bbox 425 4132 1569 4200; baseline -0.003 -13"><span class='ocrx_word' id='word_1_192' title='bbox 425 4171 555 4187; x_wconf 90' lang='grc'><em>.........</em></span> <span class='ocrx_word' id='word_1_193' title='bbox 566 4136 620 4200; x_wconf 52' lang='lat'>1134</span> <span class='ocrx_word' id='word_1_194' title='bbox 631 4170 636 4183; x_wconf 92' lang='grc'><strong>.</strong></span> <span class='ocrx_word' id='word_1_195' title='bbox 647 4171 652 4184; x_wconf 92' lang='grc'><strong>.</strong></span> <span class='ocrx_word' id='word_1_196' title='bbox 662 4169 668 4184; x_wconf 94' lang='grc'><strong>.</strong></span> <span class='ocrx_word' id='word_1_197' title='bbox 679 4170 684 4183; x_wconf 95' lang='grc'><strong>.</strong></span> <span class='ocrx_word' id='word_1_198' title='bbox 696 4135 767 4185; x_wconf 85' lang='lat' dir='ltr'>NUS</span> <span class='ocrx_word' id='word_1_199' title='bbox 776 4134 836 4184; x_wconf 90' lang='lat' dir='ltr'>cod.</span> <span class='ocrx_word' id='word_1_200' title='bbox 848 4162 877 4170; x_wconf 95' lang='lat'>-</span> <span class='ocrx_word' id='word_1_201' title='bbox 891 4134 1042 4183; x_wconf 81' lang='lat' dir='ltr'>conservatis</span> <span class='ocrx_word' id='word_1_202' title='bbox 1053 4133 1165 4197; x_wconf 79' lang='lat' dir='ltr'>reliquis]</span> <span class='ocrx_word' id='word_1_203' title='bbox 1177 4133 1231 4196; x_wconf 83' lang='lat' dir='ltr'>Sic,</span> <span class='ocrx_word' id='word_1_204' title='bbox 1239 4132 1395 4200; x_wconf 78' lang='lat' dir='ltr'>secundum</span> <span class='ocrx_word' id='word_1_205' title='bbox 1407 4135 1569 4199; x_wconf 85' lang='lat' dir='ltr'>Appianum</span> 
     </span>
     <span class='ocr_line' id='line_1_29' title="bbox 424 4213 1571 4280; baseline -0.001 -13"><span class='ocrx_word' id='word_1_206' title='bbox 424 4217 477 4280; x_wconf 80' lang='lat'>(39)</span> <span class='ocrx_word' id='word_1_207' title='bbox 493 4221 578 4280; x_wconf 87' lang='lat' dir='ltr'>atque</span> <span class='ocrx_word' id='word_1_208' title='bbox 595 4221 629 4266; x_wconf 88' lang='grc'>111</span> <span class='ocrx_word' id='word_1_209' title='bbox 645 4231 742 4266; x_wconf 87' lang='lat' dir='ltr'>sensus</span> <span class='ocrx_word' id='word_1_210' title='bbox 758 4215 811 4264; x_wconf 88' lang='grc'><strong>1111</strong></span> <span class='ocrx_word' id='word_1_211' title='bbox 829 4230 938 4279; x_wconf 88' lang='lat' dir='ltr'>poscere</span> <span class='ocrx_word' id='word_1_212' title='bbox 949 4213 1071 4276; x_wconf 85' lang='lat' dir='ltr'>videtur,</span> <span class='ocrx_word' id='word_1_213' title='bbox 1089 4213 1236 4264; x_wconf 88' lang='lat' dir='ltr'>lectionem</span> <span class='ocrx_word' id='word_1_214' title='bbox 1251 4213 1309 4264; x_wconf 89' lang='lat' dir='ltr'>eod.</span> <span class='ocrx_word' id='word_1_215' title='bbox 1319 4214 1571 4266; x_wconf 79' lang='lat' dir='ltr'>NECATISRELI-</span> 
     </span>
     <span class='ocr_line' id='line_1_30' title="bbox 424 4294 1571 4361; baseline -0.002 -12"><span class='ocrx_word' id='word_1_216' title='bbox 424 4298 505 4359; x_wconf 80' lang='lat' dir='ltr'>QUIS</span> <span class='ocrx_word' id='word_1_217' title='bbox 521 4297 576 4361; x_wconf 90' lang='lat' dir='ltr'>(bis</span> <span class='ocrx_word' id='word_1_218' title='bbox 593 4300 659 4360; x_wconf 87' lang='lat' dir='ltr'>rep.)</span> <span class='ocrx_word' id='word_1_219' title='bbox 676 4295 848 4346; x_wconf 86' lang='lat' dir='ltr'>correximus</span> <span class='ocrx_word' id='word_1_220' title='bbox 864 4295 924 4357; x_wconf 82' lang='lat' dir='ltr'>(cfr.</span> <span class='ocrx_word' id='word_1_221' title='bbox 941 4295 995 4346; x_wconf 88' lang='lat' dir='ltr'>Cio.</span> <span class='ocrx_word' id='word_1_222' title='bbox 1012 4295 1043 4344; x_wconf 84' lang='lat' dir='ltr'>de</span> <span class='ocrx_word' id='word_1_223' title='bbox 1060 4294 1108 4358; x_wconf 84' lang='lat' dir='ltr'>Off.</span> <span class='ocrx_word' id='word_1_224' title='bbox 1124 4295 1146 4356; x_wconf 88' lang='lat'>1,</span> <span class='ocrx_word' id='word_1_225' title='bbox 1160 4297 1196 4356; x_wconf 89' lang='grc'>11,</span> <span class='ocrx_word' id='word_1_226' title='bbox 1208 4296 1254 4345; x_wconf 83' lang='lat'>35:</span> <span class='ocrx_word' id='word_1_227' title='bbox 1268 4302 1350 4357; x_wconf 78' lang='lat' dir='ltr'>paria</span> <span class='ocrx_word' id='word_1_228' title='bbox 1366 4302 1450 4346; x_wconf 80' lang='lat' dir='ltr'>autem</span> <span class='ocrx_word' id='word_1_229' title='bbox 1461 4298 1571 4347; x_wconf 73' lang='lat' dir='ltr'>victoria</span> 
     </span>
     <span class='ocr_line' id='line_1_31' title="bbox 426 4375 1571 4441; baseline 0.001 -15"><span class='ocrx_word' id='word_1_230' title='bbox 426 4379 593 4428; x_wconf 81' lang='lat' dir='ltr'>conservandi</span> <span class='ocrx_word' id='word_1_231' title='bbox 607 4379 629 4427; x_wconf 86' lang='lat' dir='ltr'>ii</span> <span class='ocrx_word' id='word_1_232' title='bbox 643 4378 689 4439; x_wconf 82' lang='lat' dir='ltr'>qui</span> <span class='ocrx_word' id='word_1_233' title='bbox 703 4380 773 4441; x_wconf 69' lang='lat' dir='ltr'>etc),</span> <span class='ocrx_word' id='word_1_234' title='bbox 790 4376 882 4426; x_wconf 77' lang='lat' dir='ltr'>necatis</span> <span class='ocrx_word' id='word_1_235' title='bbox 898 4375 1003 4436; x_wconf 79' lang='lat' dir='ltr'>reliquis</span> <span class='ocrx_word' id='word_1_236' title='bbox 1019 4391 1044 4439; x_wconf 91' lang='lat' dir='ltr'>p.</span> <span class='ocrx_word' id='word_1_237' title='bbox 1061 4380 1089 4425; x_wconf 88' lang='lat' dir='ltr'>et</span> <span class='ocrx_word' id='word_1_238' title='bbox 1113 4376 1151 4440; x_wconf 84' lang='lat' dir='ltr'>B.;</span> <span class='ocrx_word' id='word_1_239' title='bbox 1176 4391 1247 4439; x_wconf 84' lang='lat' dir='ltr'>quae</span> <span class='ocrx_word' id='word_1_240' title='bbox 1263 4381 1423 4439; x_wconf 84' lang='lat' dir='ltr'>sequuntur</span> <span class='ocrx_word' id='word_1_241' title='bbox 1447 4381 1484 4439; x_wconf 84' lang='lat' dir='ltr'>(v.</span> <span class='ocrx_word' id='word_1_242' title='bbox 1499 4377 1571 4440; x_wconf 79' lang='lat'>5-10)</span> 
     </span>
     <span class='ocr_line' id='line_1_32' title="bbox 425 4455 1571 4520; baseline 0 -13"><span class='ocrx_word' id='word_1_243' title='bbox 425 4458 594 4508; x_wconf 84' lang='lat' dir='ltr'>insanabilia</span> <span class='ocrx_word' id='word_1_244' title='bbox 611 4457 745 4508; x_wconf 89' lang='lat' dir='ltr'>videntur</span> <span class='ocrx_word' id='word_1_245' title='bbox 760 4462 797 4516; x_wconf 79' lang='lat' dir='ltr'>(v.</span> <span class='ocrx_word' id='word_1_246' title='bbox 815 4462 925 4516; x_wconf 89' lang='lat' dir='ltr'>comm.)</span> <span class='ocrx_word' id='word_1_247' title='bbox 937 4482 968 4494; x_wconf 94' lang='lat'><em>-</em></span> <span class='ocrx_word' id='word_1_248' title='bbox 982 4491 1052 4505; x_wconf 92' lang='lat'>.....</span> <span class='ocrx_word' id='word_1_249' title='bbox 1067 4455 1258 4520; x_wconf 67' lang='lat' dir='ltr'>quinquaqinta]</span> <span class='ocrx_word' id='word_1_250' title='bbox 1275 4461 1340 4505; x_wconf 88' lang='lat' dir='ltr'>ante</span> <span class='ocrx_word' id='word_1_251' title='bbox 1361 4475 1374 4504; x_wconf 80' lang='grc'>11</span> <span class='ocrx_word' id='word_1_252' title='bbox 1387 4458 1493 4518; x_wconf 80' lang='lat' dir='ltr'>quinq.»</span> <span class='ocrx_word' id='word_1_253' title='bbox 1515 4457 1571 4507; x_wconf 88' lang='lat' dir='ltr'>iam</span> 
     </span>
     <span class='ocr_line' id='line_1_33' title="bbox 425 4535 1569 4602; baseline -0.003 -13"><span class='ocrx_word' id='word_1_254' title='bbox 425 4539 455 4589; x_wconf 90' lang='grc' dir='ltr'>Β.</span> <span class='ocrx_word' id='word_1_255' title='bbox 471 4537 606 4589; x_wconf 86' lang='lat' dir='ltr'>viderunt</span> <span class='ocrx_word' id='word_1_256' title='bbox 622 4536 777 4602; x_wconf 86' lang='lat' dir='ltr'>supplenda</span> <span class='ocrx_word' id='word_1_257' title='bbox 794 4553 851 4588; x_wconf 85' lang='lat' dir='ltr'>esse</span> <span class='ocrx_word' id='word_1_258' title='bbox 873 4555 886 4584; x_wconf 88' lang='lat'>«</span> <span class='ocrx_word' id='word_1_259' title='bbox 908 4535 1070 4585; x_wconf 74' lang='lat' dir='ltr'>Mithridates</span> <span class='ocrx_word' id='word_1_260' title='bbox 1087 4536 1175 4596; x_wconf 75' lang='lat' dir='ltr'>copim</span> <span class='ocrx_word' id='word_1_261' title='bbox 1191 4541 1264 4597; x_wconf 65' lang='grc'><strong>11911</strong></span> <span class='ocrx_word' id='word_1_262' title='bbox 1280 4541 1302 4584; x_wconf 83' lang='lat' dir='ltr'>ei</span> <span class='ocrx_word' id='word_1_263' title='bbox 1314 4573 1319 4584; x_wconf 95' lang='lat'>.</span> <span class='ocrx_word' id='word_1_264' title='bbox 1332 4572 1352 4585; x_wconf 92' lang='lat'>..</span> <span class='ocrx_word' id='word_1_265' title='bbox 1365 4555 1377 4584; x_wconf 76' lang='grc'>1</span> <span class='ocrx_word' id='word_1_266' title='bbox 1396 4565 1424 4572; x_wconf 89' lang='grc'>-</span> <span class='ocrx_word' id='word_1_267' title='bbox 1445 4538 1569 4599; x_wconf 79' lang='lat' dir='ltr'>quinqua-</span> 
     </span>
     <span class='ocr_line' id='line_1_34' title="bbox 423 4615 1573 4684; baseline -0.001 -15"><span class='ocrx_word' id='word_1_268' title='bbox 423 4621 496 4682; x_wconf 66' lang='lat' dir='ltr'>qinta</span> <span class='ocrx_word' id='word_1_269' title='bbox 507 4649 535 4657; x_wconf 95' lang='lat'>-</span> <span class='ocrx_word' id='word_1_270' title='bbox 551 4620 714 4684; x_wconf 79' lang='lat' dir='ltr'>equitumque]</span> <span class='ocrx_word' id='word_1_271' title='bbox 733 4620 762 4669; x_wconf 92' lang='lat' dir='ltr'>B.</span> <span class='ocrx_word' id='word_1_272' title='bbox 779 4617 932 4670; x_wconf 89' lang='lat' dir='ltr'>coniciunt.</span> <span class='ocrx_word' id='word_1_273' title='bbox 950 4645 978 4654; x_wconf 97' lang='lat'><em>-</em></span> <span class='ocrx_word' id='word_1_274' title='bbox 997 4616 1149 4680; x_wconf 78' lang='lat' dir='ltr'>praenritiii]</span> <span class='ocrx_word' id='word_1_275' title='bbox 1167 4615 1226 4666; x_wconf 90' lang='lat' dir='ltr'>cod.</span> <span class='ocrx_word' id='word_1_276' title='bbox 1237 4617 1311 4666; x_wconf 79' lang='grc'><strong>1111111</strong></span> <span class='ocrx_word' id='word_1_277' title='bbox 1327 4618 1365 4682; x_wconf 79' lang='lat' dir='ltr'>B.3</span> <span class='ocrx_word' id='word_1_278' title='bbox 1381 4644 1412 4656; x_wconf 91' lang='lat'><em>-</em></span> <span class='ocrx_word' id='word_1_279' title='bbox 1423 4618 1573 4683; x_wconf 72' lang='lat' dir='ltr'>accedasque]</span> 
     </span>
    </p>
   </div>
   <div class='ocr_carea' id='block_1_6' title="bbox 0 0 1849 5424">
    <p class='ocr_par' dir='ltr' id='par_1_8' title="bbox 0 0 1849 5424">
     <span class='ocr_line' id='line_1_35' title="bbox 0 0 1849 5424; baseline 0 0"><span class='ocrx_word' id='word_1_280' title='bbox 0 0 1849 5424; x_wconf 95' lang='lat' dir='ltr'> </span> 
     </span>
    </p>
   </div>
  </div>
 </body>
</html>
