3658 5424
906 467 1053 528 -44-

409 601 590 658 indiversus
605 603 707 672 parics
726 599 899 657 transibant.
922 633 955 642 -
974 600 1109 656 Meiciius
1127 589 1160 640 ’-
1181 599 1317 673 decernit]
1336 599 1441 654 Fuisse
1454 597 1555 653 Metel·

410 692 471 746 lum
492 692 592 761 quiin
612 689 715 744 urbem
735 689 889 744 reduxerit
908 691 1072 744 exercitum
1092 694 1182 760 atque
1209 691 1339 744 suaserit
1368 696 1402 743 ut
1429 689 1553 744 Crassus

409 781 528 852 legatus
547 781 584 834 ad
598 780 721 835 Cinnam
737 781 918 846 mitteretur,
933 798 951 834 a
965 780 1028 834 solo
1043 780 1201 834 Liciniano
1216 781 1387 850 accipimus.
1400 780 1554 851 Appianus

408 872 466 942 (69)
485 871 540 924 hoc
559 869 632 924 dicit
651 873 779 937 tantum,
799 869 915 940 legatos
934 869 973 939 ad,
991 869 1115 924 Cinnam
1136 871 1243 924 missos
1264 886 1337 924 esse.
1359 901 1391 911 -
1420 869 1554 940 inrpunie

409 978 475 1015 cum
494 957 616 1032 Metello]
636 959 700 1013 loco
719 960 954 1030 corruptissimo,
974 961 1023 1029 qui
1043 961 1073 1012 in
1089 958 1190 1012 codice
1209 964 1263 1028 est,
1284 964 1351 1030 posi
1370 959 1444 1014 haec
1454 957 1553 1024 verba,

409 1049 537 1103 fortasse
557 1047 701 1124 tradiium
721 1051 787 1100 erat
805 1049 846 1118 (v.
859 1046 984 1100 Franck.
1005 1065 1032 1118 p.
1047 1045 1112 1116 243)
1127 1045 1275 1114 Crassum,
1291 1065 1357 1100 cum
1372 1046 1409 1100 ad
1429 1046 1553 1100 Cinnam

409 1139 612 1209 pervenisset„
625 1154 691 1190 oum
712 1135 845 1189 salutare
864 1136 1016 1191 consulem
1031 1153 1183 1190 recusasse
1202 1136 1242 1207 (v.
1259 1139 1330 1207 App.
1352 1137 1398 1207 69)
1413 1141 1502 1206 etque
1517 1135 1554 1189 ob

409 1245 475 1282 eam
495 1244 557 1280 rem
577 1243 594 1279 a
613 1225 736 1280 Metello
756 1225 968 1296 reprehensum
988 1242 1060 1281 esse.
1076 1257 1108 1266 -
1123 1225 1256 1281 Fimbria
1270 1224 1328 1299 etc]
1349 1225 1432 1280 Nihil
1447 1225 1483 1280 de
1498 1225 1553 1278 hac

409 1335 510 1388 pugna
528 1316 698 1370 invenimus
717 1313 794 1385 apud
815 1321 930 1370 ceteros
949 1332 1049 1368 rerum
1066 1315 1236 1384 scriptores.
1264 1314 1336 1370 Cum
1357 1321 1467 1382 autem,
1487 1317 1554 1386 post

410 1425 445 1461 ea
464 1423 539 1477 quae
553 1404 640 1459 modo
653 1410 777 1457 narrata
796 1410 875 1467 sunt.
890 1403 1086 1459 verisimilius
1099 1405 1351 1459 existimavisscm
1365 1403 1520 1458 Metellum
1536 1421 1554 1457 a

409 1495 542 1549 Fimbria
560 1513 648 1565 quam
664 1493 827 1548 Fimbriam
846 1511 864 1548 a
883 1493 1005 1548 Metello
1021 1500 1067 1548 ter
1082 1494 1195 1564 proelio
1208 1493 1358 1548 devictum
1374 1510 1448 1561 esse,
1461 1493 1553 1560 uerba

411 1584 528 1652 codicis,
547 1585 591 1638 ita
610 1588 644 1638 ui
661 1600 768 1638 sensus
788 1583 966 1654 postulabat,
981 1585 1106 1636 mutavi.
1127 1583 1182 1638 Esi
1195 1585 1245 1654 qui
1261 1585 1389 1638 coniciet
1406 1583 1484 1637 hanc
1502 1601 1554 1654 pu·

409 1691 499 1746 gnam
513 1691 578 1727 cum
594 1671 726 1726 Fimbria
739 1672 834 1727 multo
847 1679 917 1727 anto
937 1672 1117 1743 legationem
1140 1671 1176 1726 ad
1199 1672 1323 1727 Cinnam
1348 1671 1459 1727 factam
1480 1689 1553 1740 esse,

410 1764 599 1818 Licinianum
618 1767 726 1830 autem,
740 1763 883 1834 temporis
903 1763 1019 1818 ratione
1038 1763 1159 1831 violata,
1179 1762 1226 1818 hic
1246 1779 1310 1818 eam
1329 1763 1552 1834 interposuisse.
