3658 5424
895 473 1054 531 ..5ss-

448 607 477 658 B.
495 608 517 658 ia
533 636 558 645 -
579 605 718 671 dinzireral]
737 604 862 670 langius
877 607 965 667 (Rern.
980 607 1071 656 Alteri.
1089 606 1137 668 111,
1156 623 1180 670 p.
1198 603 1244 655 166
1260 610 1288 655 61
1305 607 1398 670 seqq),
1415 602 1463 668 qui
1481 602 1550 668 legit

402 689 556 752 dimiserant,
573 687 691 738 collocat
708 693 846 752 punctum
863 693 925 752 post
941 688 1027 738 verba
1050 688 1155 750 ‹fr-ater
1169 688 1240 750 fuit·
1262 691 1299 750 (v.
1316 691 1436 748 comm).
1450 714 1480 723 -
1497 687 1550 736 iam

402 775 566 831 6616666166
590 768 730 832 superiore]
757 769 786 817 Β.
811 767 872 832 (qui
892 783 956 818 cum
974 769 1068 818 codice
1085 767 1217 818 scribunt
1233 774 1290 817 ante
1307 783 1355 832 pro
1372 771 1458 828 66166)
1481 767 1549 816 haec

402 849 488 900 verba
505 847 732 900 additamentum
758 848 950 912 epitomatoris
967 853 1070 912 putent
1082 849 1121 900 eis
1132 865 1204 912 quae
1216 847 1250 898 de
1262 847 1417 899 Volaterris
1432 863 1551 898 narran-

401 933 459 993 tur,
475 937 561 994 atque
577 945 609 980 ee
626 929 660 979 de
679 945 764 980 cause.
780 928 945 994 secludunt3
960 929 1006 984 sed
1025 929 1106 980 facile
1124 928 1250 993 intellegi
1264 933 1355 993 potest
1368 951 1380 975 α
1392 930 1545 978 iarnaataa»

403 1009 595 1061 connectenda
620 1026 677 1060 esse
696 1009 735 1060 eis
760 1025 832 1074 quae
856 1016 1025 1074 sequuntur.
1049 1009 1259 1060 Dieckmannus
1285 1025 1350 1060 cum
1374 1009 1550 1060 Franckenio

403 1109 415 1134 ι
432 1107 499 1140 anno
515 1091 672 1152 superiore·
694 1091 839 1140 existimat
856 1089 1008 1154 glossema,
1026 1089 1100 1154 quod
1118 1090 1205 1141 verba
1226 1113 1235 1134 ι
1253 1091 1306 1140 iana
1322 1095 1379 1140 nale
1394 1107 1461 1139 narro
1476 1107 1551 1151 rupe-

402 1171 472 1220 riore
488 1190 500 1215 π
521 1172 587 1220 inter
602 1187 626 1220 se
642 1170 763 1232 conianpi
776 1170 816 1219 cel
834 1187 879 1218 ara
900 1171 1073 1232 prammatica
1089 1176 1162 1220 scial.
1180 1171 1245 1232 Noe,
1262 1169 1403 1220 levissimo
1419 1168 1549 1220 emendu-

403 1256 498 1301 mento
514 1253 596 1306 facto.
607 1267 639 1301 ea
650 1250 743 1300 sanari
763 1266 840 1314 posse
856 1266 1007 1300 censemus.
1025 1279 1055 1287 -
1069 1251 1227 1316 Papiaspue]
1246 1251 1373 1300 restituit
1390 1265 1431 1315 p.;
1448 1251 1551 1301 PAPI-

402 1331 562 1392 RIUSQUE
578 1329 637 1380 cod.
654 1359 684 1367 -
696 1331 797 1396 Bastia]
821 1330 867 1393 sic,
884 1335 918 1380 ut
935 1336 977 1382 est
996 1329 1071 1395 apud
1089 1330 1148 1382 Liv.
1162 1347 1220 1392 per.
1238 1331 1276 1394 89,
1294 1331 1385 1382 scribo
1397 1347 1446 1395 pro
1457 1331 1552 1381 Bassia

402 1407 477 1474 quod
494 1409 553 1460 cod.
570 1411 683 1462 exhibet
700 1415 786 1474 atque
803 1415 948 1475 acceptum
966 1415 1009 1461 est
1028 1427 1045 1461 6
1063 1427 1088 1476 p.
1107 1416 1135 1460 et
1152 1411 1182 1460 B.
1199 1439 1229 1450 -

459 1709 495 1761 A.
517 1707 633 1762 Desunt
652 1707 722 1762 folia
741 1707 848 1778 quibus
868 1726 916 1763 res
935 1726 987 1764 sex
1007 1727 1153 1763 annorum
1168 1708 1292 1764 669-674
1306 1709 1547 1766 continebantur.

407 1827 439 1837 -
460 1797 618 1868 Pompeius
632 1829 663 1838 -—
678 1797 878 1871 triumphavit]
900 1799 941 1854 De
955 1817 1105 1869 annoque
1120 1798 1279 1870 Pompeius
1293 1800 1492 1872 triumphavit
1504 1819 1548 1854 ar·

406 1885 464 1940 dua
484 1892 530 1941 est
549 1889 686 1957 quaestio
705 1895 735 1941 et
755 1905 843 1958 saepe
863 1888 995 1943 edoctis
1015 1890 1089 1944 viris
1109 1889 1197 1944 huius
1226 1891 1369 1960 temporis
1394 1891 1547 1961 exagitata

406 1976 447 2046 (v.
468 1974 592 2030 Fischer
610 1978 692 2031 Rr'r'm.
713 1975 889 2044 Zeiltufcln,
908 1994 935 2047 p.
955 1976 1021 2044 1883
1041 1977 1204 2043 Drumaun‚
1227 1979 1325 2034 Gcsch.
1344 1980 1427 2034 Rdrn.
1449 1977 1498 2042 lV,
1518 1997 1545 2050 p.

406 2062 474 2132 337;
495 2065 606 2136 Lange,
626 2069 708 2121 Ram.
728 2067 826 2120 Alteri.
845 2065 902 2132 ΙΙΙ,
921 2085 947 2137 p.
968 2067 1033 2133 1093
1056 2067 1176 2120 Momm.
1198 2069 1231 2122 R.
1246 2067 1280 2123 G.
1300 2067 1359 2123 vol.
1379 2067 1410 2121 II
1432 2085 1457 2134 p.
1476 2068 1546 2138 333;

406 2153 526 2209 Linker.
547 2155 623 2210 l.1n.
644 2173 670 2226 p.
689 2156 762 2226 637),
778 2173 848 2229 cum
870 2163 987 2211 veteres
1006 2159 1168 2227 scriptores
1192 2158 1222 2211 in
1243 2156 1404 2212 statuenda
1424 2157 1547 2230 Pompei

406 2243 622 2314 triumphantis
641 2250 741 2299 aetate
757 2246 837 2299 inter
857 2263 888 2300 66
907 2244 1096 2300 dissentiant.
1116 2245 1203 2316 Apud
1223 2247 1302 2300 enim
1321 2247 1387 2300 Liv.
1408 2247 1482 2317 (per.
1503 2249 1548 2314 891

406 2332 549 2402 legimus:
560 2338 698 2404 quattuor
710 2338 736 2390 et
748 2335 853 2405 vipinti
864 2352 958 2391 unitos
972 2339 1068 2402 natus,
1083 2335 1160 2407 apud
1175 2337 1350 2407 Eutropium
1364 2337 1409 2408 (V,
1422 2339 1451 2407 9)
1464 2323 1549 2408 quar·
1596 2329 1600 2332 Δ

407 2424 469 2477 tum
488 2426 514 2476 el
531 2425 592 2478 XX
607 2441 721 2480 annum
739 2441 836 2495 operm,
856 2424 933 2496 apud
954 2424 1060 2480 Pseud.
1080 2425 1153 2480 Aur.
1167 2425 1242 2480 Vict.
1254 2426 1302 2496 (cle
1315 2425 1368 2481 uir.
1385 2427 1425 2482 111.
1445 2427 1491 2498 77)
1504 2427 1548 2483 ui-

404 2511 552 2582 91611666
569 2517 779 2568 6666666166.
808 2515 881 2568 Cum
910 2520 1026 2569 certum
1049 2517 1089 2570 sit
1110 2515 1283 2586 Pompeium
1304 2515 1378 2587 prid.
1398 2517 1469 2572 Kal.
1488 2523 1546 2572 oct.

307 2666 310 2672 Ι
407 2617 487 2656 6666
505 2603 558 2656 648
571 2609 675 2656 natum
689 2621 754 2658 esse
767 2603 849 2673 (quid
863 2603 1043 2658 censendum
1058 2606 1098 2659 sit
1112 2603 1148 2659 de
1161 2605 1362 2660 Bonnensium
1377 2609 1548 2660 coniectura

412 2713 424 2739 ‹
438 2693 516 2746 solus
534 2691 681 2762 superiore
691 2691 776 2762 ponit
786 2716 798 2740 ›
817 2694 876 2746 iam
890 2709 981 2764 supra
994 2691 1135 2765 diximus)
1148 2711 1185 2747 ex
1207 2694 1354 2748 Liciniani
1371 2695 1435 2750 loco
1448 2695 1549 2768 colligi

407 2779 511 2834 liceret
524 2798 590 2835 eum
602 2780 666 2834 1111
682 2780 748 2836 idus
759 2781 885 2837 Martias
895 2799 920 2836 a.
931 2801 960 2837 u.
976 2781 1027 2836 671
1044 2783 1244 2854 triumphasse
1255 2783 1335 2852 (nam
1350 2801 1444 2840 annos
1458 2791 1548 2840 natus

406 2885 468 2925 xxv
478 2874 559 2923 recte
569 2867 627 2922 dici
638 2887 696 2923 non
708 2871 805 2940 potuit
817 2871 873 2924 nisi
887 2876 953 2940 post
964 2869 1041 2924 diem
1053 2871 1191 2925 ultimum
1203 2871 1383 2942 septembris
1395 2875 1465 2927 anni
1477 2873 1549 2944 673),

407 2959 466 3014 6161
485 2957 613 3013 Romani
633 2960 794 3029 scriptores
813 2977 900 3030 saepe
920 2978 1031 3014 annum
1051 2961 1181 3014 nondum
1202 2960 1366 3032 perfectum
1379 2967 1413 3016 ut
1427 2963 1548 3033 plenum
1612 2958 1617 2965 ’

408 3054 610 3110 numerarent.
630 3047 736 3118 Itaque
755 3066 792 3103 ne
812 3049 959 3103 Liciniani
979 3049 1071 3104 verba
1090 3049 1209 3120 quidem
1223 3068 1275 3122 per
1289 3069 1320 3105 se
1341 3051 1453 3122 aliquid
1473 3070 1548 3107 com·
1573 3055 1576 3062 '

407 3138 485 3207 perti
504 3137 689 3206 praeberent,
709 3139 767 3192 nisi
786 3137 1035 3192 confirmarentur
1055 3141 1097 3193 eis
1117 3157 1191 3210 quae
1205 3158 1222 3192 a
1247 3139 1459 3210 Drumanno(l.
1472 3159 1510 3194 m.
1524 3141 1548 3207 Ι,

407 3225 534 3297 324627)
553 3225 705 3297 disputata
721 3232 800 3294 sunt,
816 3227 901 3294 unde,
916 3245 980 3282 mea
995 3231 1154 3296 sententia,
1168 3230 1242 3283 satis
1256 3229 1361 3294 elucet,
1376 3229 1548 3300 Pompeium

407 3332 485 3391 anno
504 3313 556 3369 674
576 3316 817 3388 triurnphavisse.
832 3349 865 3358 —
882 3319 945 3372 IIII
963 3317 1031 3372 idus
1050 3316 1186 3390 Murtias]
1206 3318 1350 3388 triumphi
1370 3317 1448 3372 diem
1467 3319 1549 3374 solus

407 3404 593 3460 Licinianius
611 3405 714 3459 tradit.
731 3437 764 3446 -
778 3411 991 3462 616616661-
1011 3406 1182 3480 1666116161.
1202 3408 1281 3461 Plut.
1303 3411 1417 3478 (Pomp.
1439 3409 1495 3480 14);
1521 3425 1549 3466 v.

407 3511 506 3565 supra.
529 3526 561 3534 -
586 3495 723 3567 Murena]
748 3496 780 3548 L.
793 3495 927 3550 Licinius
946 3497 1080 3564 Murena,
1100 3500 1150 3568 qui
1170 3498 1269 3552 Sullae
1289 3499 1408 3569 legatus
1427 3500 1457 3552 in
1478 3501 1549 3552 Asia

406 3582 505 3636 fuerat
518 3583 565 3654 (de
583 3601 640 3653 quo
655 3601 681 3638 v.
696 3583 789 3637 Cicer.
802 3601 857 3653 pro
872 3586 1011 3656 Murena)
1024 3604 1102 3640 anno
1116 3587 1168 3639 672
1182 3585 1416 3658 triumphavisse
1429 3587 1549 3642 videtur

407 3673 447 3741 (v.
462 3671 617 3726 Drumann
632 3672 682 3739 IV,
694 3691 720 3742 p.
733 3673 785 3726 185
800 3673 866 3728 adn.
880 3676 939 3745 89);
954 3675 1128 3730 Licinianus
1141 3677 1172 3730 16
1185 3676 1453 3731 commemorandis
1466 3677 1550 3731 Pom-

407 3762 453 3831 pei
473 3767 504 3814 et
522 3761 665 3816 Murenae
685 3763 845 3833 triumphis
865 3768 1032 3834 temporum
1053 3767 1199 3820 rationem
1225 3783 1307 3820 more
1327 3783 1381 3821 suo
1400 3766 1546 3837 neglexit.

408 3881 441 3888 --
456 3849 588 3904 Valerius
606 3848 741 3923 Flaccus]
760 3849 790 3904 O.
804 3851 941 3907 Valerius
960 3852 1086 3907 Flaccus
1106 3855 1136 3907 in
1156 3852 1254 3907 Gallia
1273 3870 1326 3924 pro
1340 3859 1477 3924 praetore
1490 3854 1549 3908 fuit

407 3955 433 3991 a.
446 3938 500 3992 670
511 3937 550 4009 (v.
565 3938 622 3991 Cic.
636 3955 693 4010 pro
708 3939 864 4009 Quinctio);
884 3942 1054 4012 triumphus
1075 3943 1138 3997 eius
1158 3949 1188 3996 et
1201 3944 1330 3997 victoria
1343 3942 1379 3997 de
1392 3943 1550 3999 Celtiberis

407 4027 632 4098 ignorabantur.
652 4027 806 4098 Wijnnius
825 4029 854 4099 (l.
870 4048 906 4083 m.
921 4049 947 4102 p.
962 4031 1026 4102 358)
1045 4037 1132 4102 putat
1151 4031 1216 4085 fieri
1233 4033 1365 4103 potuisse
1379 4038 1413 4087 ut
1425 4033 1550 4087 Licinia·

407 4134 464 4172 666
483 4134 520 4171 ex
538 4117 653 4172 duobus
671 4118 799 4174 Valeriis
818 4119 941 4188 FlacciS,
961 4121 1064 4188 altero,
1084 4139 1162 4176 6666
1176 4122 1229 4175 656
1244 4139 1297 4193 pro
1312 4123 1432 4177 consule
1445 4129 1550 4178 contra

408 4206 580 4274 Celtiberos,
598 4206 694 4261 altero
713 4207 765 4262 671
785 4225 838 4279 pro
857 4216 994 4280 praetore
1013 4212 1043 4266 in
1063 4210 1162 4264 Gallia
1180 4220 1220 4281 (v.
1240 4210 1323 4266 Paul.
1342 4215 1378 4268 11.
1398 4216 1434 4268 E.
1453 4212 1506 4280 VI,
1522 4230 1550 4284 p.

407 4296 478 4350 2313
497 4315 524 4352 6,
538 4295 589 4366 353
606 4295 675 4350 ibid.
691 4315 717 4367 p.
730 4297 801 4351 2344
821 4317 849 4354 6.
863 4299 909 4372 56)
922 4317 1014 4354 unum
1036 4299 1220 4371 eundemque
1235 4299 1357 4356 faceret.
1369 4332 1402 4343 -·
1415 4301 1550 4358 Licinius

408 4390 434 4441 et
456 4389 517 4442 Ter.
535 4385 663 4459 Luculli]
684 4385 817 4442 Alterius
837 4406 1017 4460 praenomen
1035 4390 1154 4458 Lucius,
1179 4390 1305 4446 alterius
1334 4407 1407 4446 vero
1426 4394 1551 4447 Marcus

408 4477 448 4547 (v.
469 4476 551 4530 Paul.
569 4479 605 4532 R.
621 4480 655 4534 Ε.
675 4475 725 4544 IV,
745 4482 771 4548 p.
792 4477 967 4549 1070-1074).
986 4479 1052 4535 Η66
1071 4479 1182 4546 aediles
1201 4481 1296 4536 fuisse
1314 4498 1394 4534 anno
1413 4481 1550 4546 (illinon,

406 4570 441 4622 61
455 4563 487 4620 B.
497 4564 651 4632 adnotant,
665 4581 744 4619 6666
754 4565 815 4634 674,
826 4569 992 4638 accepimus
1007 4585 1042 4623 ex
1058 4568 1229 4624 Fenestella
1243 4567 1321 4640 apud
1336 4567 1413 4636 Plin.
1424 4569 1501 4626 Hisl.
1512 4571 1550 4625 N.
