3658 5424
818 849 924 924 LIB.
955 848 1154 924 XXVIII.

487 1098 559 1164 Ful.
584 1097 659 1162 XII
678 1117 717 1184 1.,
736 1116 816 1182 pap.
843 1097 890 1161 30
908 1117 955 1180 p,
976 1116 1055 1181 pap.
1084 1099 1128 1162 15
1152 1100 1192 1165 B.

421 1241 453 1310 Α
489 1241 530 1306 de
554 1243 592 1306 P.
616 1240 765 1306 Lentulo
790 1239 948 1325 quierat
977 1241 1096 1305 consul
1124 1265 1202 1307 cum
1220 1244 1281 1308 On.
1305 1240 1461 1308 Domitio
1485 1263 1555 1307 1611

487 1347 557 1412 fuit
580 1345 811 1412 omittendum
835 1395 843 1412 .
868 1368 950 1410 nam
974 1346 1087 1411 clarus
1119 1347 1175 1413 vir
1198 1348 1267 1414 fuit
1289 1354 1324 1414 61
1348 1371 1420 1414 rem
1444 1345 1556 1434 publi-

489 1477 565 1520 cam
589 1453 680 1520 iuvit
696 1505 703 1520 .
722 1453 754 1518 61
777 1453 930 1541 praetori
946 1454 1078 1520 urbano
1095 1462 1233 1523 senatus
1257 1455 1416 1544 permisit
1433 1476 1555 1541 agrum

490 1564 707 1649 Campanum
731 1583 833 1648 quem
857 1582 994 1626 omnem
1019 1560 1151 1648 privati
1173 1562 1405 1650 possidebant,
1423 1584 1555 1627 coeme-

489 1675 551 1756 ret,
576 1673 615 1733 ut
642 1667 802 1756 publicus
826 1667 924 1733 fieret
948 1720 954 1734 .
981 1673 1015 1732 61
1031 1691 1240 1756 possessores
1258 1669 1406 1735 Lentulo
1423 1690 1557 1734 conces-

490 1781 608 1842 serunt
631 1776 743 1863 pretia
760 1775 984 1842 constitueret
1002 1827 1009 1842 .
1027 1799 1090 1842 nec
1106 1775 1234 1841 fefellit
1251 1776 1305 1843 vir
1321 1799 1457 1862 aequus,
1474 1798 1556 1841 nam

490 1889 590 1949 tanta
606 1881 844 1948 moderatione
856 1905 936 1948 usus
950 1889 1010 1970 661,
1025 1889 1109 1948 utet
1134 1883 1183 1948 161
1200 1883 1360 1970 publicae
1377 1881 1557 1948 commoda

490 1997 525 2057 et
548 2013 782 2078 possessorum
799 1996 997 2077 temperans
1012 2040 1306 2058 ...........
1321 1991 1480 2076 iugerum
1496 1989 1559 2054 mi-

490 2097 539 2164 lia
567 2097 822 2184 quinquaginta
850 2103 1020 2164 coemeret
1045 2150 1052 2166 .
1077 2121 1199 2184 agrum
1217 2149 1379 2166 .......
1407 2097 1558 2164 divisum

493 2256 577 2272 ....
604 2211 638 2270 et
669 2228 747 2270 eum
775 2204 906 2270 indicto
923 2204 1034 2292 pretio
1055 2206 1185 2272 locavit
1210 2257 1217 2272 .
1242 2211 1276 2271 et
1303 2206 1414 2271 multo
1441 2206 1558 2292 plures

424 2317 455 2381 B
487 2336 588 2399 agros
605 2364 716 2380 .....
739 2315 743 2398 1
765 2313 981 2399 praepositus
995 2312 1201 2400 reciperavit
1217 2312 1434 2398 formamque
1461 2335 1559 2398 agro·

491 2445 568 2487 rum
592 2421 629 2485 in
651 2443 707 2486 aes
731 2419 877 2484 incisam
894 2420 938 2486 ad
961 2419 1148 2485 Libertatis
1164 2419 1271 2485 fixam
1287 2419 1437 2505 reliquit,
1455 2443 1558 2506 quam

491 2533 616 2615 postea
638 2528 736 2593 Sulla
765 2527 919 2614 corrupit
936 2579 942 2592 .
962 2526 1054 2591 idem
1078 2533 1197 2592 tamen
1213 2527 1328 2593 dotem
1352 2527 1446 2592 filiae
1463 2526 1580 2622 dedit

492 2635 650 2701 sest-ertia
673 2636 790 2702 XXV.

536 2744 669 2810 Verum
685 2740 853 2808 Antiochi
868 2742 1063 2828 Epiphanis
1080 2765 1225 2828 regnum
1243 2750 1381 2810 senatus
1400 2744 1473 2810 filio
1489 2743 1560 2809 An·

493 2849 601 2916 1166111
624 2847 799 2920 Antiocho
815 2871 921 2935 puero
942 2849 1113 2934 attribuit,
1131 2850 1191 2936 qui
1207 2851 1311 2938 paulo
1328 2858 1407 2939 post
1426 2851 1559 2938 εὐπάτωρ

494 2958 690 3046 appellatus
713 2963 765 3022 est
788 3006 795 3022 .
821 2957 857 3022 id
880 2957 1057 3023 Demetrio
1093 2958 1228 3024 Seleuci
1262 2958 1336 3025 filio
1371 2959 1431 3045 qui
1460 2959 1560 3026 datus

491 3067 590 3132 obses
618 3091 638 3133 a
665 3073 763 3153 patre
784 3071 865 3152 verat
886 3065 1020 3152 petenti
1043 3064 1246 3152 denegabat,
1271 3090 1349 3132 cum
1373 3066 1434 3132 1116
1462 3090 1499 3132 66
1526 3073 1561 3132 61

494 3173 677 3261 puerulum
704 3174 853 3238 Romam
877 3173 1011 3238 venisse
1035 3178 1070 3238 et
1093 3178 1205 3240 aetate
1229 3173 1396 3240 maiorem
1421 3197 1493 3240 6666
1516 3173 1561 3242 ad

495 3303 603 3346 annos
619 3282 768 3346 XXIIII
790 3280 1025 3368 praedicaret:
1050 3280 1201 3368 patriam
1226 3281 1293 3348 sibi
1315 3281 1385 3348 iam
1411 3284 1560 3348 Romam

495 3411 576 3474 6666,
601 3394 758 3456 senatum
783 3395 972 3476 parentem,
997 3393 1031 3454 et
1056 3411 1134 3454 cum
1158 3388 1301 3455 haberet
1317 3440 1558 3458 ..........

467 3695 501 3744 Α.
518 3690 548 3743 de
562 3693 595 3744 P.
609 3689 714 3742 16111616
724 3691 777 3756 qui]
792 3690 996 3756 suppleverunt
1006 3692 1037 3742 B.
1049 3719 1079 3728 -
1097 3726 1139 3741 ...
1152 3728 1157 3742 .
1173 3692 1206 3744 P.
1217 3690 1337 3742 16616166
1348 3692 1393 3754 qui
1402 3709 1427 3756 p.
1442 3693 1569 3758 Vestigia

421 3773 539 3824 lacunae
555 3765 697 3823 non'sunt
713 3771 743 3822 in
762 3771 900 3838 principio
916 3771 1069 3836 columnae,
1087 3772 1137 3824 ubi
1153 3771 1259 3837 legitur
1282 3779 1338 3822 erat
1354 3774 1438 3822 666661
1447 3789 1453 3838 3
1477 3774 1568 3839 igitur

421 3855 452 3905 de
468 3855 501 3906 P.
518 3852 682 3916 1661616661
696 3852 726 3903 in
742 3853 797 3904 fine
814 3853 964 3917 superioris
981 3853 1127 3906 columnae
1143 3853 1229 3904 fuisse
1246 3852 1415 3904 censendum
1432 3859 1482 3905 est.
1494 3883 1523 3892 -
1535 3857 1567 3921 61]

422 3935 512 4000 suppl.
528 3935 566 3997 Β.,
584 3950 649 3985 nam
665 3935 695 3984 in
712 3933 772 3985 cod.
789 3934 911 3985 duarum
928 3934 1091 3985 litterarum
1108 3935 1231 3999 spatium
1248 3941 1298 3986 est.
1316 3963 1346 3974 ·-
1365 3937 1400 4000 ut]
1425 3938 1570 4000 proposuit

421 4032 464 4081 p.;
485 4021 508 4066 61
531 4013 591 4066 ced.
607 4045 638 4052 -
654 4016 803 4081 temperans]
828 4017 860 4065 B.
876 4030 941 4065 cum
958 4015 1013 4079 M.;
1038 4022 1189 4078 temperaret
1208 4032 1243 4080 p.
1259 4043 1290 4052 -
1305 4016 1421 4077 inperare
1436 4019 1521 4082 apros]
1539 4021 1569 4068 B.

421 4096 552 4160 Quinque
563 4110 662 4146 versus
670 4095 706 4145 ab
718 4094 819 4145 ultimo
828 4095 957 4160 proximi,
968 4094 1017 4145 ubi
1029 4095 1058 4145 B.
1070 4095 1250 4146 coniecerunt
1261 4095 1346 4146 verba
1357 4097 1477 4160 inparem,
1489 4099 1569 4160 arilia,

422 4181 546 4235 coemeret,
556 4175 650 4225 indicto
659 4175 750 4237 prelio,
762 4174 859 4237 locavit,
874 4191 956 4237 apros,
968 4174 1064 4225 mutili
1076 4180 1169 4225 sunta
1181 4173 1308 4240 margine
1319 4174 1471 4241 exteriore3
1482 4177 1568 4228 6116111

422 4257 453 4308 11
464 4255 594 4321 partibus
608 4271 703 4306 eorum
716 4254 814 4306 mediis
825 4255 978 4306 nonnullae
989 4255 1101 4306 litterae
1113 4255 1325 4320 desiderantum
1342 4255 1371 4305 in
1384 4255 1439 4306 fine
1450 4257 1568 4309 extremi

423 4354 522 4391 versus
538 4337 630 4389 solum
647 4337 725 4388 AES.
740 4373 765 4388 ..
781 4337 844 4388 INC
862 4337 916 4402 legi
933 4342 1032 4402 potest,
1042 4337 1091 4388 ubi
1108 4339 1226 4388 fortasse
1243 4353 1457 4402 agnosceremus
1475 4341 1568 4390 66616·

424 4421 503 4470 cisum
519 4420 614 4470 autin
630 4419 802 4481 6661161666,
819 4417 843 4468 61
859 4418 919 4469 fieri
937 4424 1028 4483 posset
1053 4425 1086 4469 ut
1104 4419 1149 4468 hie
1166 4417 1261 4468 eadem
1278 4422 1370 4469 essent
1386 4419 1471 4470 verba
1496 4437 1567 4484 quae

423 4499 587 4565 paulopost
610 4499 652 4563 (in
678 4499 764 4550 tertio
788 4498 906 4550 alterius
929 4499 1076 4550 columnae
1101 4503 1195 4562 versu)
1220 4514 1319 4551 rursus
1338 4505 1510 4552 occurrunt.
1536 4502 1567 4556 V.

423 4597 523 4634 comm.
