3658 5424
767 493 926 552 ..29-

270 629 329 678 loco
344 631 413 690 (ann.
431 626 492 689 XV,
508 626 551 688 23)
575 625 775 676 eorrfirmatur:
791 632 864 687 utque
888 625 1065 675 Fortunarum
1089 625 1180 688 effipies
1198 639 1292 674 aureae
1315 624 1342 672 in
1361 623 1423 673 solio

272 708 415 770 Capitolini
425 707 493 758 Iovis
503 707 654 756 locarentur.
665 735 695 744 -
706 708 733 755 in
749 707 834 771 caput]
847 707 885 756 M.
899 711 928 756 et
939 707 985 771 B.;
1002 707 1127 768 increpuit
1138 711 1160 754 et
1172 721 1197 769 p.
1209 705 1350 767 (INGRE.
1365 743 1369 754 .
1384 705 1419 756 lT

269 788 346 851 cod),
358 805 431 852 quae
442 787 524 838 lectio
535 804 591 838 nou
603 787 776 852 neglegenda
791 792 848 852 est3
859 788 957 848 sipnum
968 787 1094 836 inversum
1105 791 1127 836 et
1139 785 1280 836 desolutum
1291 785 1419 836 Schmid-

270 869 336 920 tius.
350 897 378 906 —
391 869 431 918 die
442 868 552 930 quodam
565 875 623 918 ante
642 867 713 917 ludos
726 869 772 930 qui
785 868 868 930 futuri
878 873 952 917 erant
964 903 987 917 ..
1002 905 1007 918 .
1020 868 1027 932 ]
1045 867 1115 918 Cum
1133 867 1325 917 Dieckmanuo
1340 873 1377 929 (p.
1388 865 1419 915 38

271 949 347 1014 adn.)
372 954 468 1000 notam
494 950 611 1000 lacunae
635 953 698 1013 post
722 945 905 1012 erant'pono‚
930 964 996 998 eum
1022 964 1123 998 nomen
1148 946 1196 998 dei.
1218 947 1248 997 in
1273 962 1357 1010 quem
1377 945 1420 995 illi

271 1029 331 1080 ludi
349 1027 510 1080 celebrandi
529 1027 637 1078 fuerint
660 1027 881 1092 exspectandum
907 1025 1047 1080 videatur.
1072 1029 1132 1078 Iam
1149 1025 1329 1088 Schmidtius‚
1355 1041 1419 1075 cum

270 1107 517 1161 animadvertisset
534 1112 596 1172 post
613 1126 626 1156 a
637 1115 694 1158 ante
707 1125 719 1155 r
737 1111 876 1171 quantum
895 1107 1017 1158 otiosum
1041 1112 1113 1158 esset
1130 1127 1143 1154 ι
1156 1108 1202 1169 qui
1215 1106 1300 1169 futuri
1311 1110 1385 1156 erant
1398 1125 1419 1166 »,

271 1190 415 1255 proposuit
433 1209 446 1236 s
457 1189 498 1239 die
514 1205 563 1251 quo
578 1188 635 1252 (bic
652 1194 748 1239 autem
759 1187 946 1252 supplendum
966 1194 1007 1239 est
1023 1205 1124 1238 nomen
1139 1187 1183 1238 dei
1206 1187 1236 1236 in
1256 1202 1340 1250 quem
1361 1185 1422 1235 ludi

271 1271 498 1332 celebrabantur)
515 1269 570 1319 ludi
584 1270 657 1319 sacri
670 1270 755 1332 futuri
769 1275 842 1318 erant
852 1288 876 1328 »,·
895 1285 922 1321 v.
939 1268 1025 1320 etiam
1042 1269 1161 1319 Franck.
1177 1268 1205 1330 (l.
1224 1283 1260 1317 m.
1272 1283 1296 1330 p.
1308 1266 1374 1328 239).
1392 1293 1422 1304 -

271 1357 327 1401 ante
350 1353 417 1402 inter
439 1351 471 1415 se]
489 1351 528 1416 B;
545 1349 735 1402 Arruns]
751 1349 810 1400 cod.
828 1377 866 1390 ·-
889 1350 982 1414 multis]
1000 1352 1037 1413 B.,
1063 1350 1112 1414 qui
1138 1350 1168 1399 in
1185 1347 1250 1399 adn.
1275 1347 1420 1398 coniciunt

270 1435 377 1497 mutuis3
394 1429 550 1482 multoscod.
567 1437 636 1495 etp.
653 1459 683 1468 -
699 1447 744 1480 uec
761 1447 867 1492 usquam
883 1430 913 1479 de
928 1447 984 1493 rep.
1002 1431 1077 1495 app]
1093 1431 1138 1480 Sic
1154 1430 1184 1480 in
1201 1430 1294 1480 codiee
1314 1430 1419 1495 perspi-

271 1529 321 1564 cue
338 1512 452 1578 legitur,
468 1527 558 1576 neque
572 1516 621 1575 est,
633 1511 762 1576 quamvis
774 1513 878 1561 mirum
890 1510 919 1560 id
932 1527 1022 1576 genus
1033 1509 1173 1561 scribendi
1185 1509 1328 1573 videatur,
1344 1511 1420 1576 quod

270 1593 434 1645 dubitemus
451 1591 485 1643 de
500 1592 619 1644 lectione
635 1597 687 1643 aut
698 1609 760 1644 eam
771 1597 921 1643 mutemus
932 1593 1054 1642 uranos.
1071 1596 1107 1656 (p.
1122 1592 1179 1654 239)
1201 1609 1270 1642 «non
1281 1599 1418 1654 apparet»

270 1675 374 1740 inquit,
390 1691 445 1724 cum
468 1691 517 1723 nou
535 1673 630 1724 denotet
645 1690 722 1723 unam
738 1676 858 1735 temporis
873 1679 994 1723 momento
1009 1679 1203 1722 consummatam
1226 1673 1353 1734 actionem,
1369 1678 1421 1723 tarn

183 1819 184 1823 Ἰ
270 1759 352 1819 inepte
369 1756 424 1806 «de
439 1761 564 1818 repente·
588 1753 735 1806 adiunctum
757 1755 828 1805 balet
845 1771 921 1816 quam
937 1756 961 1806 si
975 1755 1046 1804 dicm
1074 1752 1173 1802 «subito
1196 1769 1245 1802 non
1261 1753 1325 1802 aicit
1340 1773 1351 1800 »
1368 1770 1421 1815 pro

271 1854 298 1888 eo
312 1837 379 1898 quod
401 1842 435 1886 est
456 1835 554 1886 «subito
569 1841 683 1884 mortuus
697 1841 731 1884 est
742 1855 767 1894 »;
793 1839 880 1898 atque
902 1838 977 1884 reete
993 1831 1089 1884 addit:
1114 1833 1175 1882 haec
1191 1833 1333 1894 similiaque
1356 1833 1421 1882 uitia

270 1918 358 1980 quibus
373 1917 434 1966 baec
455 1917 600 1980 frapmenta
615 1921 707 1966 scatent
722 1917 822 1966 etiamsi
840 1915 953 1978 cupellas
976 1916 1053 1978 furca
1076 1921 1158 1964 tamen
1181 1929 1256 1975 usque
1280 1919 1419 1962 recurrent.

272 1999 391 2048 Frustra
407 1997 498 2062 igitur
514 1995 689 2048 Schmidtius
705 1997 823 2047 coniecit
840 2001 891 2047 aut
908 1996 975 2046 haec
992 1995 1079 2047 verba
1095 1995 1217 2060 glossam
1242 2009 1299 2044 esse
1320 1998 1372 2044 aut
1391 1993 1421 2042 in

272 2078 310 2130 eis
328 2079 415 2128 latere
431 2076 795 2138 sententiambuiusmodi:
812 2093 889 2139 neque
906 2091 1011 2138 nepsam
1027 2075 1090 2126 tales
1105 2081 1228 2138 serpentes
1243 2080 1318 2124 antea
1334 2089 1420 2135 appa-

269 2165 375 2209 ruerant
390 2161 519 2218 ,trustra
534 2159 564 2207 B.
580 2157 611 2207 in
629 2155 694 2207 adn.
710 2157 850 2220 direpentes
866 2159 1080 2220 proposuerunt.
1097 2155 1130 2206 V.
1145 2170 1296 2224 comm:
1315 2152 1420 2216 aliquot]

271 2256 307 2305 p3
323 2239 429 2302 aliquod
442 2237 502 2288 cod.
518 2243 546 2288 et
563 2239 593 2288 B.
609 2265 641 2275 —-
656 2239 758 2302 somnio]
776 2239 873 2302 Bern.;
890 2237 1013 2288 SOMNO
1030 2234 1090 2286 cod.
1106 2263 1137 2272 -
1153 2235 1234 2284 decem
1249 2227 1309 2299 HS]
1327 2234 1375 2298 B.;
1391 2233 1422 2282 do

272 2318 381 2382 dapibus
397 2319 428 2368 P.
444 2323 473 2368 et
489 2334 529 2383 p.;
546 2317 576 2368 de
592 2317 699 2380 stipibus
714 2319 753 2367 M.
771 2318 830 2380 (Dll
843 2353 848 2366 .
860 2353 865 2366 .
878 2317 922 2366 IB.
939 2315 1010 2378 cod.)
1034 2344 1064 2352 ·-·
1081 2315 1262 2379 sacrificatum]
1278 2315 1308 2364 B.

318 2401 349 2450 B.
363 2429 393 2436 -
409 2399 513 2464 Amata]
540 2398 715 2449 Froehnerus
737 2395 845 2460 (Pliilol.
867 2397 927 2448 Vol.
943 2397 996 2448 XV
1014 2413 1038 2460 p.
1054 2396 1109 2458 302,
1131 2411 1206 2446 anno
1228 2395 1301 2455 1860)
1318 2394 1422 2444 Momm·

271 2498 342 2531 senus
365 2507 396 2518 -
414 2480 510 2545 inquit
530 2509 560 2517 -
586 2481 677 2530 conicit
700 2496 743 2527 «a
761 2485 873 2540 matre»,
898 2479 929 2530 G.
948 2477 985 2528 Η.
1004 2479 1081 2530 Perte
1105 2478 1153 2526 «in
1172 2477 1276 2526 deorum
1295 2475 1420 2526 laudem»

271 2561 412 2612 Bonnenses
429 2580 472 2610 «a
486 2567 543 2611 uate
553 2579 575 2611 »ι
591 2561 676 2622 itaque
692 2576 773 2610 emises
787 2559 908 2621 ipnorare
924 2559 1041 2608 uidentur
1063 2557 1157 2611 Vestali
1166 2559 1262 2608 Aurata
1275 2573 1361 2606 nomen
1373 2573 1422 2606 esse

272 2647 309 2706 (v.
325 2643 432 2694 Preller
448 2642 482 2694 R.
500 2642 580 2704 Mpth.
596 2659 621 2706 p.
638 2641 703 2702 537).
718 2641 753 2690 In
770 2639 829 2691 cod.
845 2655 912 2692 vero
928 2639 1015 2705 (apud
1032 2639 1177 2690 Pertzium
1201 2638 1232 2688 in
1256 2636 1320 2688 adn.
1338 2654 1363 2702 p.
1381 2639 1422 2700 10)

272 2723 385 2776 litterae
401 2724 560 2774 ΑΜΑΤΑΕ
576 2723 719 2787 perspicue
736 2727 901 2773 cernuntur.
917 2749 948 2758 —
967 2723 1009 2772 Cn
1030 2720 1136 2771 Mallius
1152 2749 1183 2757 -
1198 2720 1294 2784 emotus]
1312 2719 1421 2769 Multas

272 2804 327 2857 viri
336 2805 412 2855 docti
423 2805 540 2870 ingressi
550 2809 618 2854 sunt
627 2804 688 2855 vias
699 2810 733 2854 ut
742 2804 915 2868 explicarent
923 2818 1046 2868 quonam
1058 2799 1139 2852 modo
1151 2801 1261 2866 rogatio
1272 2799 1422 2850 Saturnini

271 2893 307 2949 (a.
324 2903 351 2937 u.
364 2888 429 2949 651),
446 2902 503 2950 qua
519 2885 635 2936 Mallius
651 2885 682 2936 in
699 2885 815 2936 exilium
840 2885 939 2950 pulsus
955 2889 1000 2934 est
1018 2888 1055 2946 (v.
1073 2887 1191 2945 comm),
1209 2882 1255 2932 hic
1280 2882 1354 2932 inter
1378 2897 1422 2932 res

273 2985 345 3033 quae
359 2967 470 3018 duobus
487 2967 569 3018 annis
585 2974 652 3017 ante
669 2967 835 3018 aeciderunt
851 2970 1146 3018 commemorarentur.
1164 2966 1193 3015 B.
1206 2967 1320 3016 censent
1337 2961 1422 3026 epita·

273 3057 410 3100 matorem
426 3048 538 3099 nomine
554 3048 653 3111 Mallii,
670 3047 745 3112 quod
763 3050 786 3099 ei
804 3053 867 3112 post
890 3047 1083 3112 prodigiorum
1110 3045 1301 3096 narrationem
1323 3043 1422 3094 statim

272 3133 440 3192 occurrerat,
460 3128 617 3180 adductum
634 3145 691 3180 esse
715 3134 749 3179 ut
766 3129 910 3191 nonnulla,
936 3145 1009 3192 quae
1028 3127 1139 3178 duobus
1159 3131 1222 3191 post
1247 3124 1329 3176 annis
1345 3125 1422 3174 lacta

271 3215 347 3273 sunt,
364 3211 433 3260 t'aiso
450 3211 495 3261 hic
513 3211 653 3274 insereret,
671 3215 757 3275 atque
773 3215 867 3260 totum
884 3209 976 3260 locum
988 3208 1146 3260 secludunt.
1165 3205 1329 3271 Madvigius
1345 3205 1374 3268 (l.
1386 3221 1422 3254 m.

271 3309 297 3356 p.
312 3291 407 3354 401)ίᾶ
426 3296 540 3342 tantum
557 3297 646 3355 notat,
663 3309 721 3343 rem
731 3292 779 3344 vix
795 3291 958 3344 credibilem
969 3305 1026 3340 esse
1043 3289 1174 3340 Mallium
1185 3286 1281 3338 eodem
1292 3303 1366 3338 anno
1377 3286 1421 3336 sui

272 3373 436 3424 consulatus
450 3374 521 3436 (649)
538 3373 567 3423 in
584 3373 700 3424 exilium
718 3389 775 3424 esse
791 3372 912 3437 pulsum.
936 3370 1147 3422 Dieckmannus
1164 3369 1285 3432 denique
1302 3367 1331 3416 in
1349 3383 1422 3430 prae·

272 3453 349 3504 clara
365 3469 417 3504 sua
434 3454 609 3514 delentibus
625 3455 764 3506 Liciniani
782 3453 979 3505 dissertatione
994 3457 1030 3517 (p.
1046 3453 1077 3502 40
1097 3456 1126 3502 et
1150 3454 1236 3514 seqq.)
1260 3455 1419 3512 temporum

273 3535 373 3586 erroris
389 3551 504 3586 causam
521 3535 562 3586 ita
578 3535 713 3600 explicat:
734 3537 850 3598 Capitari
864 3541 943 3598 potest
958 3551 1013 3583 eum
1029 3535 1120 3592 statim,
1144 3531 1215 3581 clade
1231 3531 1280 3582 illo
1303 3535 1421 3588 narrata,

272 3615 303 3668 de
321 3617 457 3678 Caepionis
472 3623 537 3667 sorte
560 3618 701 3679 exposuisse
715 3618 851 3668 secundum
870 3618 997 3670 Graecum
1012 3620 1146 3674 auctorem,
1157 3613 1230 3675 apud
1240 3629 1312 3674 quem
1327 3617 1422 3661 rectum

271 3713 357 3748 rerum
372 3703 485 3760 perires
500 3715 579 3747 annos
595 3701 717 3761 (649-50)
729 3705 857 3760 pertarum
871 3699 986 3748 ordinem
1001 3697 1107 3760 fortasse
1117 3694 1232 3757 repperit
1248 3692 1297 3743 sili
1310 3693 1364 3754 ipsc
1373 3708 1421 3754 pa·

272 3796 329 3830 rum
345 3781 460 3841 conscius,
478 3795 536 3828 cum
551 3780 594 3829 ille
612 3778 728 3831 Graecus
743 3785 832 3830 auctor
846 3781 891 3830 uin
906 3779 1039 3828 annalium
1054 3777 1207 3837 scriptoram
1222 3775 1320 3824 ratione
1336 3775 1421 3835 sinpu-

271 3861 354 3911 loram
369 3876 495 3910 annorum
511 3876 550 3909 res
563 3865 644 3922 postas
658 3860 827 3922 eaplanaret‚·
842 3860 869 3908 in
879 3857 1008 3908 scribendo
1023 3862 1106 3905 autem
1124 3853 1309 3904 translatiuum
1326 3870 1422 3915 quoque

271 3943 363 4004 fontane
377 3941 514 4002 inspexisse
529 3947 603 4001 atque
619 3941 677 3989 inde
690 3941 813 4002 prodipia
828 3940 876 3990 illa
892 3946 914 3990 et
923 3941 1030 4002 fortasse
1046 3937 1102 3987 alia
1118 3954 1181 3999 quae
1198 3936 1233 3985 ad
1250 3952 1293 3985 nos
1303 3953 1352 3985 non
1362 3951 1421 3996 pcr-

271 4027 389 4071 uenerunt
405 4023 556 4071 narrationi
570 4021 718 4080 inseruisse;
736 4021 779 4071 sed
794 4038 849 4070 cum
865 4019 985 4070 Latinum
1001 4025 1130 4069 auctorem
1147 4020 1226 4079 tepere
1239 4021 1365 4078 perperat,
1384 4016 1421 4064 ai-

272 4102 336 4152 disse
350 4119 375 4152 se
386 4119 426 4152 res
441 4103 477 4152 ad
495 4103 646 4164 Caepionem
659 4103 810 4164 pertinentes
825 4103 878 4151 iam
892 4116 1111 4162 narrassefeaquc
1120 4099 1150 4148 de
1162 4115 1241 4147 causa
1254 4097 1316 4146 bace
1328 4102 1423 4146 tantum

272 4182 407 4256 addidisse,
425 4199 489 4245 puae
505 4183 535 4232 de
560 4183 652 4232 Mallio
667 4184 765 4245 scripta
779 4183 898 4242 uidemus,
922 4199 977 4231 cum
993 4199 1041 4230 non
1063 4182 1218 4242 perspiceret
1241 4178 1302 4227 baec
1326 4177 1423 4226 biennio

269 4265 395 4326 posterius
410 4281 458 4313 esse
473 4265 554 4327 facta.
570 4265 702 4314 Postremo
721 4265 836 4316 Granius
851 4263 886 4312 ad
899 4265 1016 4325 priorem
1031 4265 1123 4326 fontem
1140 4262 1231 4311 redisse
1242 4258 1423 4308 existimandus

270 4351 319 4401 este
335 4361 395 4393 nam
411 4361 448 4406 ea,
466 4361 530 4406 puae
545 4351 692 4407 sequuntur,
706 4361 809 4394 rursum
820 4345 847 4394 in
858 4362 883 4393 a.
898 4347 950 4395 649
965 4347 1025 4406 (105
1036 4362 1060 4392 a.
1075 4343 1132 4404 at.)
1144 4341 1266 4392 incidunt.
1276 4341 1353 4400 Quae
1365 4337 1423 4402 qui·

273 4422 335 4474 dem
352 4425 446 4474 omnia
462 4425 545 4490 paulo
562 4425 711 4476 subtiliora
728 4430 756 4475 et
778 4423 932 4489 spinosiora
948 4424 1090 4476 videntur.
1102 4419 1248 4472 Sententia
1260 4423 1364 4480 nostra,
1379 4433 1423 4468 res

283 4509 314 4556 ta
330 4521 358 4556 se
374 4506 468 4557 habet.
485 4510 560 4557 Ante
576 4505 713 4571 prodigia,
731 4506 788 4557 iem
804 4505 945 4570 superiore
963 4506 1073 4570 pagina,
1091 4503 1172 4554 cuius
1186 4517 1221 4552 ne
1233 4501 1352 4550 verbum
1363 4500 1421 4562 qui·

273 4583 337 4640 dem
352 4587 732 4650 nobisexstat,11icinianus
755 4604 872 4652 poenam
896 4591 1101 4638 memoraverat
1126 4600 1182 4649 qua
1208 4583 1307 4648 Caepio
1324 4580 1423 4631 statim
