3658 5424
761 515 900 576 ..5-

257 653 304 704 tes
323 645 488 720 finguntur.
508 679 541 690 -
562 647 697 723 σειραὶους]
716 649 763 704 Sic
781 650 1050 721 Heerwagenuset
1062 653 1114 705 ten
1132 650 1235 707 Brink.
1255 649 1402 709 Graecum

258 738 444 807 vocabulum,
464 740 561 812 primo
579 739 694 796 litteris
712 740 830 796 Latinis
854 741 1069 812 transcriptum
1089 739 1256 814 (munos),
1268 744 1367 813 potuit
1385 761 1404 799 a

257 829 355 884 scriba
383 829 504 884 indocto
532 832 563 884 in
591 829 718 884 simos
739 832 864 899 mutari;
887 847 976 902 equos
993 833 1119 904 σειραὶους
1137 848 1264 903 :equos
1281 833 1402 902 senates

257 919 306 992 (cf.
324 919 412 992 Soph.
425 918 522 975 Eleet.
539 921 620 992 722);
633 920 681 975 hic
694 938 784 976 vero:
802 945 814 970 ι
829 938 917 993 equos
929 922 998 978 loris
1010 925 1048 980 ub
1060 921 1206 993 equitibus
1216 924 1326 978 ductos.
1340 947 1352 972 ν
1368 955 1401 966 -

257 1009 397 1084 ἁμίππους]
417 1009 496 1082 apud
515 1009 718 1082 Thucydidem
737 1011 782 1083 (V,
802 1009 849 1084 57)
868 1017 899 1067 et
918 1012 1151 1084 Xenophontem
1172 1012 1264 1084 (Hell.
1280 1011 1304 1081 7,
1319 1013 1402 1086 5,23)

257 1099 375 1170 pedites
397 1102 461 1172 pari
485 1117 610 1155 numero
632 1101 767 1172 equitum
790 1101 955 1171 adiunctos,
979 1104 1024 1157 ita
1043 1107 1079 1157 ut
1100 1103 1212 1174 singuli
1235 1103 1401 1176 asingulis

258 1189 408 1260 equitibus
421 1191 452 1245 in
466 1207 567 1261 pugna
585 1190 801 1262 delendmrtur3
817 1192 865 1247 hie
883 1191 1016 1264 «equites
1034 1192 1112 1248 binis
1125 1191 1208 1264 equis
1217 1193 1396 1248 instructos»

257 1286 292 1334 ut
311 1279 388 1351 apud
408 1280 561 1336 Pollucem
579 1280 743 1353 (Onomast.
764 1284 788 1352 1,
802 1282 845 1352 10,
858 1282 906 1354 31)
924 1282 1062 1353 legimus.
1080 1281 1123 1338 Of.
1138 1284 1238 1338 etiam.
1253 1281 1399 1354 Harpoor.

257 1369 289 1424 Β.
310 1371 346 1424 Α.
365 1369 426 1424 206.
446 1401 480 1412 -
497 1368 651 1444 tenuatus]
679 1371 745 1432 Hoc
763 1370 942 1426 vocabulum
970 1373 1105 1442 (fleaeutes
1123 1373 1156 1427 in
1173 1373 1320 1444 fleaeuates
1338 1389 1401 1426 mu-

257 1459 383 1514 tandum
414 1463 473 1532 est)
501 1463 673 1517 invenimus
701 1461 779 1533 apud
808 1461 940 1517 Plinium
964 1461 1011 1533 (N.
1030 1463 1070 1520 H.
1090 1462 1236 1530 XXXIII,
1256 1463 1283 1529 2,
1302 1463 1351 1534 35)
1370 1467 1401 1516 et

256 1548 393 1605 Servium
420 1550 470 1622 (ad
490 1551 577 1622 Verg.
597 1552 671 1606 Aen.
690 1551 752 1620 IX,
771 1554 843 1622 606),
863 1553 914 1623 qui
941 1557 1043 1608 tamen
1071 1570 1131 1608 non
1150 1552 1254 1608 dicunt
1277 1553 1333 1608 hoc
1352 1569 1400 1607 no·

256 1641 335 1694 mine
355 1640 520 1711 appellatos
538 1658 604 1696 asse
623 1643 739 1711 equites
758 1641 836 1697 binis
855 1643 940 1712 equis
950 1643 1124 1697 instructos.
1135 1641 1307 1713 Hesychius
1327 1641 1401 1696 haec

257 1728 342 1784 dicit:
363 1729 515 1805 φλεξεντὶης
533 1731 612 1802 (loge
631 1731 762 1803 φλεξεντὶς
782 1737 835 1786 aut
857 1731 1011 1804 φλεξὲντεις)
1034 1731 1126 1805 ἱππικὴ
1149 1733 1220 1796 τάξις
1244 1735 1315 1804 παρὰ
1335 1730 1402 1784 Ῥω-

259 1819 360 1891 μαίοις
381 1825 486 1875 contra
505 1819 584 1891 apud
603 1821 731 1875 Paulum
750 1821 915 1876 Diaconum
934 1821 1025 1894 (Fert.
1038 1825 1113 1880 Ecce.
1127 1821 1174 1876 ed.
1192 1820 1276 1875 Muli.
1295 1838 1322 1892 p.
1333 1821 1400 1889 221)

258 1911 374 1980 equites
393 1909 472 1965 binis
490 1911 575 1980 equis
594 1910 736 1967 instructi
755 1913 847 1966 etiam
858 1910 936 1982 apud
955 1910 1108 1966 Romanos
1122 1914 1336 1978 memorantur,
1347 1908 1399 1964 sed

257 1999 434 2054 vocabulum
451 2001 599 2071 flectuntur
626 2018 686 2056 non
705 2003 845 2057 occurrit.
864 2000 1038 2056 Lectionum
1054 2001 1200 2072 fleacuntes
1220 2001 1251 2054 in
1272 1997 1335 2054 cod.
1354 1999 1400 2052 Li·

258 2091 368 2144 ciniani
387 2096 501 2144 rectam
521 2089 639 2160 quidem
659 2107 724 2146 esse
743 2107 861 2158 censeo,
879 2089 931 2146 sed
953 2089 1032 2145 uude
1055 2092 1203 2160 originem
1232 2089 1322 2146 ducat
1351 2105 1400 2143 re-

257 2183 373 2236 statut
392 2181 537 2249 sciamus;
557 2198 627 2236 nam
648 2198 724 2251 quae
745 2181 919 2236 Licinianus
938 2180 975 2235 ad
998 2197 1063 2235 eam
1083 2180 1290 2251 explicandam
1314 2178 1400 2236 addit

257 2269 424 2326 incredibili
443 2270 531 2325 modo
550 2277 691 2342 corrupta
706 2276 786 2326 sunt.
796 2271 829 2324 B.
839 2275 892 2325 ten
907 2270 1002 2324 Brink
1016 2271 1189 2342 proposuit:
1205 2271 1366 2326 Flercuntes
1380 2285 1399 2324 a

254 2361 524 2433 peuerepensitium
536 2361 729 2432 corrigiarum
743 2363 885 2418 vocabant
899 2364 1011 2430 veteres,
1026 2361 1077 2416 sed
1091 2361 1147 2416 hoc
1161 2359 1248 2416 modo
1267 2361 1393 2431 «quod»

257 2457 327 2530 ante
352 2453 513 2508 ‹recubat›
545 2452 734 2523 neglegitur,
763 2469 830 2506 cum
850 2452 879 2505 in
900 2450 999 2506 codice
1022 2451 1211 2522 perspicuum
1239 2451 1287 2518 sit,
1307 2454 1398 2519 atque

257 2541 421 2596 adnomen
443 2543 488 2596 rei
508 2541 586 2596 unde
611 2563 623 2590 ‹
633 2542 803 2612 sternentes»
828 2543 974 2612 originem
997 2523 1088 2607 ducit,
1108 2541 1154 2594 uti
1176 2539 1306 2606 videtur,
1326 2538 1399 2593 refe·

257 2631 391 2686 rendum.
410 2629 642 2702 Heerwageuus
663 2630 701 2684 ad
724 2630 820 2686 locum
843 2629 1051 2701 explicandum
1073 2630 1105 2684 iu
1128 2645 1179 2684 eas
1205 2626 1399 2700 difficultates

256 2722 413 2788 delabitur,
433 2721 595 2792 exquibus
615 2719 691 2776 nihil
710 2723 785 2775 certi
804 2725 857 2775 aut
877 2719 1028 2791 probabile
1048 2718 1156 2774 elicere
1176 2717 1324 2772 videatur.
1344 2716 1397 2771 Re·

256 2817 303 2866 cte
321 2813 347 2866 is
367 2810 486 2882 quidem
505 2816 607 2866 censet
627 2827 735 2864 nomen
754 2811 798 2864 rei
817 2808 895 2864 unde
913 2810 1059 2880 flemumtcs
1077 2809 1194 2878 equites
1213 2806 1294 2861 binis
1313 2807 1399 2876 equis

256 2903 397 2957 instructi
416 2901 558 2972 appellati
573 2903 642 2968 sint,
654 2903 684 2954 iu
705 2900 816 2955 litteris
835 2899 978 2954 REGUM
998 2898 1102 2965 latere,
1123 2896 1261 2964 sed,mea
1280 2901 1399 2952 senten·

257 2993 317 3061 tia,
336 2992 424 3048 valde
452 2997 535 3047 errat
554 3009 620 3046 oum
640 2991 798 3046 obscurum
821 2989 965 3046 REGUM
985 2991 1015 3044 in
1038 2987 1205 3043 FLEGUM
1225 2985 1399 3042 obscurissi-

256 3101 336 3138 mum
356 3087 461 3138 mutet.
486 3085 650 3153 ‹Ftequmt
663 3083 725 3152 ipse
738 3083 782 3134 ait
794 3081 1030 3152 Heerwagenus
1045 3077 1112 3150 quis
1131 3076 1249 3132 audivit
1268 3092 1399 3146 uuquam

256 3175 330 3228 baec
358 3173 479 3228 vocem?
500 3195 511 3221 »
534 3178 624 3242 atque
644 3189 709 3225 eam
729 3173 772 3224 ita
786 3171 940 3226 illustrare
959 3174 1104 3224 conatur:
1120 3191 1131 3218 ι
1148 3169 1242 3232 Quum
1255 3167 1399 3237 sterceratos

254 3263 408 3334 participii
427 3263 526 3332 futuri
541 3263 668 3331 formam
688 3260 768 3316 uerbi
786 3259 891 3332 φλέγειν
911 3263 971 3314 tam
990 3262 1088 3328 aperte
1104 3274 1178 3328 prae
1196 3273 1225 3311 se
1242 3256 1328 3325 ferat,
1347 3254 1400 3309 uice

255 3356 290 3407 ut
316 3352 448 3408 dubitari
468 3353 503 3406 cte
526 3367 556 3406 eo
577 3351 679 3421 possit,
701 3349 795 3405 nescio
819 3366 859 3405 ara
876 3349 983 3420 flepum
1002 3347 1148 3420 (similiter
1166 3361 1201 3400 uc
1225 3344 1356 3399 ‹civeis›
1380 3359 1399 3396 a

257 3441 407 3496 «vivendo
420 3464 444 3506 ν,
470 3464 481 3489 ‹
495 3456 633 3509 uterquc»
651 3456 670 3493 u
685 3463 696 3488 ι
710 3440 865 3509 mergendo
879 3461 903 3503 »‚
921 3461 932 3486 ν
949 3437 1075 3506 iusum»
1099 3452 1118 3490 a
1142 3434 1297 3504 «iucundo
1310 3433 1339 3502 ›)
1356 3431 1399 3486 sic

256 3534 292 3588 ab
310 3535 404 3604 etymo
422 3531 526 3603 φλέγειν
546 3529 709 3598 formatum
728 3528 774 3596 sit,
794 3532 828 3582 ut
849 3527 924 3583 idem
944 3527 1086 3598 siginificat
1108 3526 1187 3596 quod
1205 3521 1398 3593 participium

254 3622 414 3692 praesentis
433 3620 534 3694 φλέγων.
548 3623 623 3676 Erat
636 3618 727 3692 icitur
746 3617 892 3674 textilium
906 3618 1056 3688 quoddam
1071 3631 1165 3686 penus
1176 3615 1292 3684 praeter
1305 3614 1398 3666 cetera

253 3712 382 3784 fulseris,
403 3712 509 3783 quibus
525 3711 670 3782 [terrentes
689 3727 781 3780 quum
800 3725 886 3779 equos
910 3724 978 3762 suos
998 3707 1157 3761 insternere
1175 3706 1302 3766 solerent,
1322 3701 1397 3756 indi·

255 3803 425 3859 demetiam
447 3818 552 3858 laomen
573 3803 732 3856 duruerunt.
754 3799 856 3870 Longe
879 3798 939 3852 alia
958 3796 1030 3850 mihi
1056 3795 1092 3850 da
1112 3795 1169 3848 hac
1195 3811 1227 3848 re
1246 3793 1397 3848 sententia

256 3900 311 3963 est,
330 3910 509 3964 quamquam
533 3892 605 3946 mibi
624 3909 683 3945 non
703 3895 821 3943 tautum
842 3887 942 3942 tribuo
965 3893 1001 3940 ut
1024 3903 1087 3940 rem
1109 3902 1164 3938 acu
1189 3889 1314 3952 tangere
1334 3897 1397 3952 spe·

141 3989 145 3998 '
256 4001 337 4040 rem:
356 3984 545 4038 Licinianum
565 3983 644 4036 enim
662 3997 769 4035 censeo
791 3979 937 4049 originem
961 3975 1101 4031 vocabuli
1126 3974 1322 4044 «florentem
1346 3970 1397 4023 du·

255 4076 336 4131 xisss
358 4073 394 4128 ab
416 4073 516 4143 aliqua
538 4089 570 4125 re
593 4087 668 4140 quae
691 4070 825 4139 equitum
848 4067 926 4122 binis
949 4067 1033 4136 equis
1055 4066 1282 4128 instructorum,
1303 4066 1394 4130 atque

256 4180 358 4218 eorum
382 4166 514 4226 tantum,
532 4159 701 4216 necessario
725 4158 844 4228 propria
867 4161 991 4221 assata
1016 4154 1080 4208 loro
1105 4153 1167 4220 illo,
1186 4152 1251 4206 sivo
1271 4149 1395 4215 habena,

255 4269 314 4324 qua
332 4251 409 4306 alter
428 4267 522 4321 equus
541 4249 578 4304 ab
597 4249 697 4319 equite
716 4245 886 4318 regebatur,
901 4247 956 4332 vel
970 4245 1061 4298 etiam
1076 4241 1206 4297 fortasse
1221 4239 1257 4294 ab
1277 4238 1395 4292 illasiu·

255 4341 353 4412 gulari
373 4341 480 4412 peritia
499 4357 557 4408 qua
576 4354 649 4408 opus
659 4341 733 4403 erat,
752 4342 787 4389 ut
806 4351 896 4405 eques
916 4335 946 4388 in
966 4332 1079 4404 proelio
1098 4331 1183 4385 binos
1198 4345 1289 4399 equos
1308 4326 1396 4380 focile

255 4432 480 4500 circumegerat.
510 4428 616 4498 Itaque
643 4428 674 4480 in
695 4426 806 4480 litteris
825 4423 987 4490 Rutuli,
1006 4419 1176 4476 FLEXUM
1196 4436 1284 4489 quam
1304 4415 1396 4470 PLE-

254 4519 342 4576 GUM
362 4519 462 4592 legere
485 4519 594 4573 malim.
614 4517 757 4570 Attamen
770 4513 975 4584 Heerwageni
994 4513 1204 4575 coniecturam,
1219 4526 1277 4578 qua
1296 4513 1393 4561 totum

256 4611 335 4666 hunc
354 4611 451 4666 locum
470 4609 629 4665 restituere
649 4606 705 4663 sibi
725 4607 808 4661 visus
827 4609 882 4674 est,
898 4603 1010 4659 referre
1030 4619 1088 4658 non
1104 4601 1233 4656 alienum
1248 4598 1395 4654 existima·
