<?xml version="1.0" encoding="UTF-8"?>
<!DOCTYPE html PUBLIC "-//W3C//DTD XHTML 1.0 Transitional//EN"
    "http://www.w3.org/TR/xhtml1/DTD/xhtml1-transitional.dtd">
<html xmlns="http://www.w3.org/1999/xhtml" xml:lang="en" lang="en">
 <head>
  <title>
</title>
<meta http-equiv="Content-Type" content="text/html;charset=utf-8" />
  <meta name='ocr-system' content='tesseract 3.04.00' />
  <meta name='ocr-capabilities' content='ocr_page ocr_carea ocr_par ocr_line ocrx_word'/>
</head>
<body>
  <div class='ocr_page' id='page_1' title='image "./quaesupersunt00licigoog_0079.png"; bbox 0 0 3658 5424; ppageno 0'>
   <div class='ocr_carea' id='block_1_1' title="bbox 893 457 1053 520">
    <p class='ocr_par' dir='ltr' id='par_1_1' title="bbox 893 457 1053 520">
     <span class='ocr_line' id='line_1_1' title="bbox 893 457 1053 520; baseline 0 -16"><span class='ocrx_word' id='word_1_1' title='bbox 893 457 1053 520; x_wconf 74' lang='lat'>..62-</span> 
     </span>
    </p>
   </div>
   <div class='ocr_carea' id='block_1_2' title="bbox 402 585 1574 1108">
    <p class='ocr_par' dir='ltr' id='par_1_2' title="bbox 402 585 1574 1108">
     <span class='ocr_line' id='line_1_2' title="bbox 403 585 1545 660; baseline 0.004 -20"><span class='ocrx_word' id='word_1_2' title='bbox 403 585 543 656; x_wconf 89' lang='lat' dir='ltr'>petundis</span> <span class='ocrx_word' id='word_1_3' title='bbox 555 590 747 642; x_wconf 76' lang='lat' dir='ltr'><strong>accusaretur</strong></span> <span class='ocrx_word' id='word_1_4' title='bbox 758 604 823 641; x_wconf 90' lang='lat' dir='ltr'>cum</span> <span class='ocrx_word' id='word_1_5' title='bbox 839 586 968 642; x_wconf 84' lang='lat' dir='ltr'>Siciliam</span> <span class='ocrx_word' id='word_1_6' title='bbox 979 587 1152 660; x_wconf 79' lang='lat' dir='ltr'>diripuisset</span> <span class='ocrx_word' id='word_1_7' title='bbox 1162 588 1232 660; x_wconf 84' lang='lat' dir='ltr'>(Cic.</span> <span class='ocrx_word' id='word_1_8' title='bbox 1240 589 1317 645; x_wconf 75' lang='lat' dir='ltr'>Vero.</span> <span class='ocrx_word' id='word_1_9' title='bbox 1329 587 1368 644; x_wconf 91' lang='lat'>11.</span> <span class='ocrx_word' id='word_1_10' title='bbox 1380 587 1405 657; x_wconf 85' lang='grc'>3,</span> <span class='ocrx_word' id='word_1_11' title='bbox 1416 589 1459 656; x_wconf 89' lang='grc'>91,</span> <span class='ocrx_word' id='word_1_12' title='bbox 1472 589 1545 660; x_wconf 77' lang='lat'>212);</span> 
     </span>
     <span class='ocr_line' id='line_1_3' title="bbox 403 675 1545 750; baseline 0.003 -20"><span class='ocrx_word' id='word_1_13' title='bbox 403 693 470 730; x_wconf 90' lang='lat' dir='ltr'>oum</span> <span class='ocrx_word' id='word_1_14' title='bbox 489 675 571 729; x_wconf 90' lang='lat' dir='ltr'>Sulla</span> <span class='ocrx_word' id='word_1_15' title='bbox 589 675 740 730; x_wconf 81' lang='lat' dir='ltr'>dictatura</span> <span class='ocrx_word' id='word_1_16' title='bbox 759 693 790 731; x_wconf 91' lang='lat' dir='ltr'>se</span> <span class='ocrx_word' id='word_1_17' title='bbox 809 675 1009 732; x_wconf 86' lang='lat' dir='ltr'>abdicavisset</span> <span class='ocrx_word' id='word_1_18' title='bbox 1020 676 1105 748; x_wconf 72' lang='lat'>(675),</span> <span class='ocrx_word' id='word_1_19' title='bbox 1119 677 1283 733; x_wconf 83' lang='lat' dir='ltr'>adiuvante</span> <span class='ocrx_word' id='word_1_20' title='bbox 1298 676 1439 748; x_wconf 89' lang='lat' dir='ltr'>Pompeio</span> <span class='ocrx_word' id='word_1_21' title='bbox 1452 678 1545 750; x_wconf 92' lang='lat' dir='ltr'>(Plut.</span> 
     </span>
     <span class='ocr_line' id='line_1_4' title="bbox 402 765 1545 837; baseline 0 -15"><span class='ocrx_word' id='word_1_22' title='bbox 402 767 475 822; x_wconf 79' lang='lat' dir='ltr'>Sall.</span> <span class='ocrx_word' id='word_1_23' title='bbox 486 765 547 834; x_wconf 87' lang='grc'><strong>341,</strong></span> <span class='ocrx_word' id='word_1_24' title='bbox 559 768 661 836; x_wconf 85' lang='lat' dir='ltr'><em>Pomp.</em></span> <span class='ocrx_word' id='word_1_25' title='bbox 677 766 723 833; x_wconf 75' lang='lat'>153</span> <span class='ocrx_word' id='word_1_26' title='bbox 739 765 824 819; x_wconf 90' lang='lat' dir='ltr'>Dion.</span> <span class='ocrx_word' id='word_1_27' title='bbox 834 765 914 821; x_wconf 79' lang='lat' dir='ltr'>Cass.</span> <span class='ocrx_word' id='word_1_28' title='bbox 927 767 987 833; x_wconf 84' lang='lat'>550,</span> <span class='ocrx_word' id='word_1_29' title='bbox 1001 767 1052 820; x_wconf 81' lang='lat'>551</span> <span class='ocrx_word' id='word_1_30' title='bbox 1066 765 1122 837; x_wconf 74' lang='lat' dir='ltr'>fa),</span> <span class='ocrx_word' id='word_1_31' title='bbox 1135 766 1239 821; x_wconf 90' lang='lat' dir='ltr'>consul</span> <span class='ocrx_word' id='word_1_32' title='bbox 1254 772 1373 822; x_wconf 89' lang='lat' dir='ltr'>oreatus</span> <span class='ocrx_word' id='word_1_33' title='bbox 1390 774 1437 822; x_wconf 88' lang='lat' dir='ltr'>cst</span> <span class='ocrx_word' id='word_1_34' title='bbox 1451 769 1482 822; x_wconf 92' lang='lat' dir='ltr'>in</span> <span class='ocrx_word' id='word_1_35' title='bbox 1497 785 1545 822; x_wconf 89' lang='lat' dir='ltr'>an·</span> 
     </span>
     <span class='ocr_line' id='line_1_5' title="bbox 402 854 1545 929; baseline 0.005 -22"><span class='ocrx_word' id='word_1_36' title='bbox 402 872 473 908; x_wconf 90' lang='lat' dir='ltr'>num</span> <span class='ocrx_word' id='word_1_37' title='bbox 487 854 548 922; x_wconf 73' lang='lat'>676,</span> <span class='ocrx_word' id='word_1_38' title='bbox 559 873 593 910; x_wconf 84' lang='lat' dir='ltr'>ao</span> <span class='ocrx_word' id='word_1_39' title='bbox 604 857 716 924; x_wconf 88' lang='lat' dir='ltr'>statim,</span> <span class='ocrx_word' id='word_1_40' title='bbox 728 857 819 910; x_wconf 90' lang='lat' dir='ltr'>etiam</span> <span class='ocrx_word' id='word_1_41' title='bbox 832 862 897 910; x_wconf 90' lang='lat' dir='ltr'>tum</span> <span class='ocrx_word' id='word_1_42' title='bbox 909 855 990 910; x_wconf 84' lang='lat' dir='ltr'>Sulla</span> <span class='ocrx_word' id='word_1_43' title='bbox 1000 857 1078 923; x_wconf 90' lang='lat' dir='ltr'>vivo,</span> <span class='ocrx_word' id='word_1_44' title='bbox 1093 874 1107 910; x_wconf 81' lang='lat' dir='ltr'>a</span> <span class='ocrx_word' id='word_1_45' title='bbox 1122 855 1247 912; x_wconf 75' lang='lat' dir='ltr'>turbidis</span> <span class='ocrx_word' id='word_1_46' title='bbox 1264 856 1469 912; x_wconf 81' lang='lat' dir='ltr'>contionibus»</span> <span class='ocrx_word' id='word_1_47' title='bbox 1487 858 1545 929; x_wconf 88' lang='lat' dir='ltr'>ple·</span> 
     </span>
     <span class='ocr_line' id='line_1_6' title="bbox 402 943 1544 1018; baseline 0.003 -20"><span class='ocrx_word' id='word_1_48' title='bbox 402 943 469 998; x_wconf 89' lang='lat' dir='ltr'>bem</span> <span class='ocrx_word' id='word_1_49' title='bbox 488 945 525 999; x_wconf 88' lang='lat' dir='ltr'>ad</span> <span class='ocrx_word' id='word_1_50' title='bbox 545 944 721 1000; x_wconf 83' lang='lat' dir='ltr'>seditionem</span> <span class='ocrx_word' id='word_1_51' title='bbox 737 945 888 999; x_wconf 89' lang='lat' dir='ltr'>concitare</span> <span class='ocrx_word' id='word_1_52' title='bbox 901 947 1006 1016; x_wconf 90' lang='lat' dir='ltr'>coepit.</span> <span class='ocrx_word' id='word_1_53' title='bbox 1021 977 1054 987; x_wconf 91' lang='lat'>—·</span> <span class='ocrx_word' id='word_1_54' title='bbox 1065 945 1253 1004; x_wconf 78' lang='lat' dir='ltr'>tribuniciam</span> <span class='ocrx_word' id='word_1_55' title='bbox 1264 947 1443 1016; x_wconf 73' lang='lat' dir='ltr'>potestatem]</span> <span class='ocrx_word' id='word_1_56' title='bbox 1456 965 1544 1018; x_wconf 85' lang='lat' dir='ltr'>quam</span> 
     </span>
     <span class='ocr_line' id='line_1_7' title="bbox 403 1033 1574 1108; baseline 0.003 -22"><span class='ocrx_word' id='word_1_57' title='bbox 403 1033 485 1088; x_wconf 89' lang='lat' dir='ltr'>Sulla</span> <span class='ocrx_word' id='word_1_58' title='bbox 504 1053 563 1089; x_wconf 91' lang='lat' dir='ltr'>nou</span> <span class='ocrx_word' id='word_1_59' title='bbox 583 1034 757 1102; x_wconf 86' lang='lat' dir='ltr'>sustulerat,</span> <span class='ocrx_word' id='word_1_60' title='bbox 778 1033 829 1088; x_wconf 87' lang='lat' dir='ltr'>sed</span> <span class='ocrx_word' id='word_1_61' title='bbox 848 1035 1041 1088; x_wconf 84' lang='lat' dir='ltr'>imminuerat</span> <span class='ocrx_word' id='word_1_62' title='bbox 1054 1039 1094 1107; x_wconf 75' lang='lat' dir='ltr'>(v.</span> <span class='ocrx_word' id='word_1_63' title='bbox 1115 1035 1235 1090; x_wconf 89' lang='lat' dir='ltr'>Momm.</span> <span class='ocrx_word' id='word_1_64' title='bbox 1249 1053 1274 1089; x_wconf 86' lang='lat' dir='ltr'>o.</span> <span class='ocrx_word' id='word_1_65' title='bbox 1288 1054 1326 1090; x_wconf 88' lang='lat' dir='ltr'>m.</span> <span class='ocrx_word' id='word_1_66' title='bbox 1336 1053 1364 1091; x_wconf 91' lang='lat' dir='ltr'>v.</span> <span class='ocrx_word' id='word_1_67' title='bbox 1377 1035 1418 1104; x_wconf 89' lang='grc' dir='ltr'>ΙΙ,</span> <span class='ocrx_word' id='word_1_68' title='bbox 1432 1055 1458 1108; x_wconf 90' lang='lat' dir='ltr'>p.</span> <span class='ocrx_word' id='word_1_69' title='bbox 1469 1037 1542 1108; x_wconf 81' lang='lat'>251).</span> <span class='ocrx_word' id='word_1_70' title='bbox 1569 1095 1574 1102; x_wconf 64' lang='grc'><strong>,</strong></span> 
     </span>
    </p>
   </div>
   <div class='ocr_carea' id='block_1_3' title="bbox 399 1122 1547 2092">
    <p class='ocr_par' dir='ltr' id='par_1_3' title="bbox 399 1122 1547 2092">
     <span class='ocr_line' id='line_1_8' title="bbox 403 1122 1546 1196; baseline 0.003 -18"><span class='ocrx_word' id='word_1_71' title='bbox 403 1125 498 1178; x_wconf 79' lang='lat' dir='ltr'>constat</span> <span class='ocrx_word' id='word_1_72' title='bbox 509 1122 610 1196; x_wconf 83' lang='lat' dir='ltr'>oratio]</span> <span class='ocrx_word' id='word_1_73' title='bbox 630 1141 785 1194; x_wconf 85' lang='lat' dir='ltr'>perperam</span> <span class='ocrx_word' id='word_1_74' title='bbox 804 1123 977 1178; x_wconf 89' lang='lat' dir='ltr'>Bonnenses</span> <span class='ocrx_word' id='word_1_75' title='bbox 992 1124 1057 1178; x_wconf 89' lang='lat' dir='ltr'>edd.</span> <span class='ocrx_word' id='word_1_76' title='bbox 1070 1125 1143 1180; x_wconf 86' lang='lat' dir='ltr'>hacc</span> <span class='ocrx_word' id='word_1_77' title='bbox 1163 1125 1254 1179; x_wconf 89' lang='lat' dir='ltr'>verba</span> <span class='ocrx_word' id='word_1_78' title='bbox 1273 1127 1471 1194; x_wconf 80' lang='lat' dir='ltr'>secluserunt,</span> <span class='ocrx_word' id='word_1_79' title='bbox 1486 1144 1546 1181; x_wconf 91' lang='lat' dir='ltr'>non</span> 
     </span>
     <span class='ocr_line' id='line_1_9' title="bbox 403 1211 1545 1284; baseline 0.004 -20"><span class='ocrx_word' id='word_1_80' title='bbox 403 1212 514 1278; x_wconf 81' lang='lat' dir='ltr'>Grani,</span> <span class='ocrx_word' id='word_1_81' title='bbox 535 1211 587 1267; x_wconf 88' lang='lat' dir='ltr'>sed</span> <span class='ocrx_word' id='word_1_82' title='bbox 614 1213 821 1282; x_wconf 89' lang='lat' dir='ltr'>epitomatoris</span> <span class='ocrx_word' id='word_1_83' title='bbox 841 1229 876 1266; x_wconf 87' lang='lat' dir='ltr'>ea</span> <span class='ocrx_word' id='word_1_84' title='bbox 895 1229 959 1267; x_wconf 89' lang='lat' dir='ltr'>essa</span> <span class='ocrx_word' id='word_1_85' title='bbox 985 1213 1134 1267; x_wconf 90' lang='lat' dir='ltr'>arbitrati.</span> <span class='ocrx_word' id='word_1_86' title='bbox 1155 1213 1258 1268; x_wconf 82' lang='lat' dir='ltr'>Oratio</span> <span class='ocrx_word' id='word_1_87' title='bbox 1277 1215 1357 1268; x_wconf 90' lang='lat' dir='ltr'>enim</span> <span class='ocrx_word' id='word_1_88' title='bbox 1376 1213 1490 1284; x_wconf 87' lang='lat' dir='ltr'>Lepidi,</span> <span class='ocrx_word' id='word_1_89' title='bbox 1509 1214 1545 1268; x_wconf 90' lang='lat' dir='ltr'>de</span> 
     </span>
     <span class='ocr_line' id='line_1_10' title="bbox 404 1301 1547 1372; baseline 0.002 -18"><span class='ocrx_word' id='word_1_90' title='bbox 404 1319 463 1372; x_wconf 90' lang='lat' dir='ltr'>qua</span> <span class='ocrx_word' id='word_1_91' title='bbox 481 1301 529 1355; x_wconf 89' lang='lat' dir='ltr'>hic</span> <span class='ocrx_word' id='word_1_92' title='bbox 548 1303 658 1372; x_wconf 80' lang='lat' dir='ltr'>agitur,</span> <span class='ocrx_word' id='word_1_93' title='bbox 678 1319 745 1355; x_wconf 87' lang='lat' dir='ltr'>cum</span> <span class='ocrx_word' id='word_1_94' title='bbox 765 1318 830 1356; x_wconf 87' lang='lat' dir='ltr'>esse</span> <span class='ocrx_word' id='word_1_95' title='bbox 849 1318 908 1355; x_wconf 90' lang='lat' dir='ltr'>non</span> <span class='ocrx_word' id='word_1_96' title='bbox 929 1307 1028 1372; x_wconf 89' lang='lat' dir='ltr'>potest</span> <span class='ocrx_word' id='word_1_97' title='bbox 1048 1320 1082 1356; x_wconf 90' lang='lat' dir='ltr'>ea</span> <span class='ocrx_word' id='word_1_98' title='bbox 1096 1319 1171 1372; x_wconf 90' lang='lat' dir='ltr'>quae</span> <span class='ocrx_word' id='word_1_99' title='bbox 1185 1302 1271 1357; x_wconf 86' lang='lat' dir='ltr'>nobis</span> <span class='ocrx_word' id='word_1_100' title='bbox 1285 1319 1321 1356; x_wconf 87' lang='lat' dir='ltr'>ex</span> <span class='ocrx_word' id='word_1_101' title='bbox 1333 1302 1474 1357; x_wconf 79' lang='lat' dir='ltr'>Historiis</span> <span class='ocrx_word' id='word_1_102' title='bbox 1488 1302 1547 1356; x_wconf 87' lang='lat' dir='ltr'>Sal·</span> 
     </span>
     <span class='ocr_line' id='line_1_11' title="bbox 404 1390 1546 1461; baseline 0.002 -17"><span class='ocrx_word' id='word_1_103' title='bbox 404 1390 487 1446; x_wconf 89' lang='lat' dir='ltr'>lustii</span> <span class='ocrx_word' id='word_1_104' title='bbox 507 1397 615 1460; x_wconf 89' lang='lat' dir='ltr'>exstat,</span> <span class='ocrx_word' id='word_1_105' title='bbox 636 1408 769 1461; x_wconf 87' lang='lat' dir='ltr'>quaeque</span> <span class='ocrx_word' id='word_1_106' title='bbox 789 1390 891 1444; x_wconf 86' lang='lat' dir='ltr'>habita</span> <span class='ocrx_word' id='word_1_107' title='bbox 919 1397 966 1446; x_wconf 88' lang='lat' dir='ltr'>est</span> <span class='ocrx_word' id='word_1_108' title='bbox 994 1393 1085 1446; x_wconf 91' lang='lat' dir='ltr'>etiam</span> <span class='ocrx_word' id='word_1_109' title='bbox 1108 1397 1172 1446; x_wconf 90' lang='lat' dir='ltr'>turn</span> <span class='ocrx_word' id='word_1_110' title='bbox 1196 1391 1370 1460; x_wconf 87' lang='lat' dir='ltr'>Sullavivo,</span> <span class='ocrx_word' id='word_1_111' title='bbox 1392 1410 1471 1446; x_wconf 91' lang='lat' dir='ltr'>anno</span> <span class='ocrx_word' id='word_1_112' title='bbox 1494 1393 1546 1446; x_wconf 80' lang='grc'>676</span> 
     </span>
     <span class='ocr_line' id='line_1_12' title="bbox 404 1479 1546 1552; baseline 0.002 -17"><span class='ocrx_word' id='word_1_113' title='bbox 404 1482 543 1548; x_wconf 91' lang='lat' dir='ltr'>ineunte,</span> <span class='ocrx_word' id='word_1_114' title='bbox 563 1487 628 1535; x_wconf 91' lang='lat' dir='ltr'>tum</span> <span class='ocrx_word' id='word_1_115' title='bbox 647 1481 724 1535; x_wconf 91' lang='lat' dir='ltr'>nihil</span> <span class='ocrx_word' id='word_1_116' title='bbox 751 1479 874 1551; x_wconf 87' lang='lat' dir='ltr'>impedit</span> <span class='ocrx_word' id='word_1_117' title='bbox 893 1483 1052 1552; x_wconf 89' lang='lat' dir='ltr'>quominus</span> <span class='ocrx_word' id='word_1_118' title='bbox 1071 1483 1277 1536; x_wconf 87' lang='lat' dir='ltr'>existimemus</span> <span class='ocrx_word' id='word_1_119' title='bbox 1306 1481 1432 1544; x_wconf 88' lang='lat' dir='ltr'>alteram</span> <span class='ocrx_word' id='word_1_120' title='bbox 1453 1481 1546 1538; x_wconf 90' lang='lat' dir='ltr'>fuisse</span> 
     </span>
     <span class='ocr_line' id='line_1_13' title="bbox 404 1571 1547 1644; baseline 0.001 -20"><span class='ocrx_word' id='word_1_121' title='bbox 404 1589 493 1641; x_wconf 90' lang='lat' dir='ltr'>quam</span> <span class='ocrx_word' id='word_1_122' title='bbox 512 1572 686 1626; x_wconf 84' lang='lat' dir='ltr'>Licinianus</span> <span class='ocrx_word' id='word_1_123' title='bbox 705 1572 824 1624; x_wconf 88' lang='lat' dir='ltr'>noverit</span> <span class='ocrx_word' id='word_1_124' title='bbox 843 1577 962 1626; x_wconf 86' lang='lat' dir='ltr'>exstare</span> <span class='ocrx_word' id='word_1_125' title='bbox 981 1573 1045 1626; x_wconf 89' lang='lat' dir='ltr'>sive</span> <span class='ocrx_word' id='word_1_126' title='bbox 1065 1573 1095 1625; x_wconf 89' lang='lat' dir='ltr'>in</span> <span class='ocrx_word' id='word_1_127' title='bbox 1116 1573 1188 1642; x_wconf 91' lang='lat' dir='ltr'>ipsis</span> <span class='ocrx_word' id='word_1_128' title='bbox 1207 1571 1341 1627; x_wconf 86' lang='lat' dir='ltr'>Sallustii</span> <span class='ocrx_word' id='word_1_129' title='bbox 1360 1573 1488 1644; x_wconf 85' lang='lat' dir='ltr'>integris</span> <span class='ocrx_word' id='word_1_130' title='bbox 1506 1572 1547 1626; x_wconf 89' lang='lat' dir='ltr'>hi·</span> 
     </span>
     <span class='ocr_line' id='line_1_14' title="bbox 404 1659 1547 1732; baseline 0.002 -17"><span class='ocrx_word' id='word_1_131' title='bbox 404 1662 507 1716; x_wconf 90' lang='lat' dir='ltr'>storiis</span> <span class='ocrx_word' id='word_1_132' title='bbox 536 1663 596 1716; x_wconf 91' lang='lat' dir='ltr'>sive</span> <span class='ocrx_word' id='word_1_133' title='bbox 616 1659 694 1732; x_wconf 89' lang='lat' dir='ltr'>apud</span> <span class='ocrx_word' id='word_1_134' title='bbox 713 1662 851 1730; x_wconf 85' lang='lat' dir='ltr'>quemvis</span> <span class='ocrx_word' id='word_1_135' title='bbox 870 1661 962 1714; x_wconf 88' lang='lat' dir='ltr'>alium</span> <span class='ocrx_word' id='word_1_136' title='bbox 991 1679 1092 1716; x_wconf 87' lang='lat' dir='ltr'>rerum</span> <span class='ocrx_word' id='word_1_137' title='bbox 1112 1663 1297 1732; x_wconf 87' lang='lat' dir='ltr'>scriptorem.</span> <span class='ocrx_word' id='word_1_138' title='bbox 1319 1691 1351 1704; x_wconf 90' lang='lat'><em>-</em></span> <span class='ocrx_word' id='word_1_139' title='bbox 1373 1664 1460 1732; x_wconf 75' lang='lat' dir='ltr'>loqom</span> <span class='ocrx_word' id='word_1_140' title='bbox 1478 1661 1547 1730; x_wconf 75' lang='lat' dir='ltr'>ftu-</span> 
     </span>
     <span class='ocr_line' id='line_1_15' title="bbox 404 1749 1544 1823; baseline 0.001 -18"><span class='ocrx_word' id='word_1_141' title='bbox 404 1750 578 1806; x_wconf 81' lang='lat' dir='ltr'>meatariam</span> <span class='ocrx_word' id='word_1_142' title='bbox 597 1781 631 1790; x_wconf 98' lang='lat'>-</span> <span class='ocrx_word' id='word_1_143' title='bbox 646 1749 845 1823; x_wconf 82' lang='lat' dir='ltr'>pollicebatur]</span> <span class='ocrx_word' id='word_1_144' title='bbox 863 1751 910 1804; x_wconf 79' lang='lat' dir='ltr'>Ex</span> <span class='ocrx_word' id='word_1_145' title='bbox 929 1751 1034 1822; x_wconf 84' lang='lat' dir='ltr'>Lepidi</span> <span class='ocrx_word' id='word_1_146' title='bbox 1053 1751 1269 1821; x_wconf 86' lang='lat' dir='ltr'>rogationibus,</span> <span class='ocrx_word' id='word_1_147' title='bbox 1283 1768 1367 1822; x_wconf 87' lang='lat' dir='ltr'>quae,</span> <span class='ocrx_word' id='word_1_148' title='bbox 1383 1750 1490 1806; x_wconf 78' lang='lat' dir='ltr'>Catulo</span> <span class='ocrx_word' id='word_1_149' title='bbox 1503 1769 1544 1806; x_wconf 88' lang='lat' dir='ltr'>re·</span> 
     </span>
     <span class='ocr_line' id='line_1_16' title="bbox 405 1839 1546 1911; baseline 0 -17"><span class='ocrx_word' id='word_1_150' title='bbox 405 1841 539 1906; x_wconf 88' lang='lat' dir='ltr'>sistente,</span> <span class='ocrx_word' id='word_1_151' title='bbox 559 1840 692 1911; x_wconf 86' lang='lat' dir='ltr'>legitime</span> <span class='ocrx_word' id='word_1_152' title='bbox 712 1839 894 1910; x_wconf 86' lang='lat' dir='ltr'>promulgari</span> <span class='ocrx_word' id='word_1_153' title='bbox 915 1857 974 1894; x_wconf 92' lang='lat' dir='ltr'>non</span> <span class='ocrx_word' id='word_1_154' title='bbox 994 1846 1140 1911; x_wconf 88' lang='lat' dir='ltr'>poterant,</span> <span class='ocrx_word' id='word_1_155' title='bbox 1152 1839 1351 1894; x_wconf 85' lang='lat' dir='ltr'>frumentaria</span> <span class='ocrx_word' id='word_1_156' title='bbox 1366 1845 1494 1908; x_wconf 85' lang='lat' dir='ltr'>tantum,</span> <span class='ocrx_word' id='word_1_157' title='bbox 1509 1857 1546 1894; x_wconf 90' lang='lat' dir='ltr'>ne</span> 
     </span>
     <span class='ocr_line' id='line_1_17' title="bbox 399 1914 1546 2001; baseline -0.001 -16"><span class='ocrx_word' id='word_1_158' title='bbox 399 1914 510 1985; x_wconf 44' lang='lat' dir='ltr'>&#39;Catulo</span> <span class='ocrx_word' id='word_1_159' title='bbox 529 1929 648 2000; x_wconf 87' lang='lat' dir='ltr'>quidem</span> <span class='ocrx_word' id='word_1_160' title='bbox 662 1931 831 1997; x_wconf 90' lang='lat' dir='ltr'>resistente,</span> <span class='ocrx_word' id='word_1_161' title='bbox 851 1929 899 1984; x_wconf 82' lang='lat' dir='ltr'>lex</span> <span class='ocrx_word' id='word_1_162' title='bbox 922 1930 1002 1984; x_wconf 85' lang='lat' dir='ltr'>facta</span> <span class='ocrx_word' id='word_1_163' title='bbox 1021 1936 1084 1997; x_wconf 82' lang='lat' dir='ltr'>ast;</span> <span class='ocrx_word' id='word_1_164' title='bbox 1105 1929 1152 2000; x_wconf 83' lang='lat' dir='ltr'>(de</span> <span class='ocrx_word' id='word_1_165' title='bbox 1169 1929 1223 1983; x_wconf 88' lang='lat' dir='ltr'>hac</span> <span class='ocrx_word' id='word_1_166' title='bbox 1247 1929 1449 1985; x_wconf 88' lang='lat' dir='ltr'>frumentaria</span> <span class='ocrx_word' id='word_1_167' title='bbox 1479 1929 1546 2001; x_wconf 88' lang='lat' dir='ltr'>lege</span> 
     </span>
     <span class='ocr_line' id='line_1_18' title="bbox 405 2019 1208 2092; baseline 0 -18"><span class='ocrx_word' id='word_1_168' title='bbox 405 2019 539 2092; x_wconf 89' lang='lat' dir='ltr'>disputat</span> <span class='ocrx_word' id='word_1_169' title='bbox 558 2019 769 2086; x_wconf 87' lang='lat' dir='ltr'>Mommsenus,</span> <span class='ocrx_word' id='word_1_170' title='bbox 789 2037 814 2074; x_wconf 91' lang='grc' dir='ltr'>ο.</span> <span class='ocrx_word' id='word_1_171' title='bbox 837 2039 875 2075; x_wconf 86' lang='lat' dir='ltr'>m.</span> <span class='ocrx_word' id='word_1_172' title='bbox 895 2039 923 2079; x_wconf 86' lang='lat' dir='ltr'>v.</span> <span class='ocrx_word' id='word_1_173' title='bbox 943 2019 998 2088; x_wconf 92' lang='grc' dir='ltr'><strong>ΙΙΙ,</strong></span> <span class='ocrx_word' id='word_1_174' title='bbox 1019 2039 1045 2092; x_wconf 94' lang='lat' dir='ltr'>p.</span> <span class='ocrx_word' id='word_1_175' title='bbox 1064 2021 1100 2073; x_wconf 80' lang='lat'>25</span> <span class='ocrx_word' id='word_1_176' title='bbox 1119 2020 1208 2090; x_wconf 76' lang='lat' dir='ltr'>adm).</span> 
     </span>
    </p>
   </div>
   <div class='ocr_carea' id='block_1_4' title="bbox 0 0 1842 5424">
    <p class='ocr_par' dir='ltr' id='par_1_4' title="bbox 0 0 1842 5424">
     <span class='ocr_line' id='line_1_19' title="bbox 0 0 1842 5424; baseline 0 0"><span class='ocrx_word' id='word_1_177' title='bbox 0 0 1842 5424; x_wconf 95' lang='lat' dir='ltr'> </span> 
     </span>
    </p>
   </div>
  </div>
 </body>
</html>
