3658 5424
766 501 925 560 -61..

273 635 371 707 lippus
390 651 469 690 cous.
491 651 517 692 a.
533 634 585 689 666
605 651 697 690 senex
716 652 733 688 a
753 633 901 688 Marianis
921 631 1056 703 partibus
1084 631 1121 686 ad
1148 631 1286 687 Sullanas
1314 635 1415 686 trans-

273 740 395 794 gressus
415 729 469 778 est.
490 722 544 776 Vir
563 739 639 790 6661,
655 721 816 785 violentus,
836 715 1016 788 luxuriosae,
1031 718 1082 774 sed
1097 721 1139 773 roi
1156 719 1290 790 publicae
1304 721 1418 790 peritus

273 819 304 866 et
324 813 452 866 eximius
472 817 574 866 orator
595 811 654 864 fuit
671 810 720 882 (de
740 829 774 864 eo
794 829 821 864 v.
842 810 936 864 Cicer.
955 811 991 865 de
1010 810 1059 878 off.
1079 809 1102 876 I,
1122 808 1417 877 30,]1‚21;ueorat

274 901 297 965 I,
313 901 337 968 7,
359 901 382 968 1,
403 899 459 968 ΙΙΙ,
474 901 499 968 3,
518 901 553 968 4;
574 903 656 954 Brut.
678 900 700 966 Ι,
723 900 773 953 166
793 907 863 969 616.,
883 900 990 954 Horat.
1013 899 1104 970 Epist.
1118 899 1141 966 Ι,
1154 898 1179 965 7,
1198 899 1253 970 46).
1269 929 1300 938 —-
1315 898 1417 952 milites

273 988 397 1062 inimici]
417 989 502 1060 Apud
517 989 687 1044 Ciceronem
700 991 730 1060 (l.
746 991 796 1060 m.)
814 1013 824 1037 ‹
839 991 924 1048 Sulla
944 989 1034 1044 vietor·
1049 1013 1073 1042 ι.
1088 1019 1121 1030 -
1134 988 1277 1044 iustitium
1296 991 1416 1043 -111116-

274 1077 354 1151 16111)
373 1078 456 1132 Η666
476 1095 562 1134 nove.
584 1107 618 1119 -
642 1077 795 1151 iustitiam]
818 1079 892 1132 iuris
911 1077 1028 1132 dicendi
1048 1078 1232 1132 intermissio
1251 1093 1327 1146 quae
1353 1076 1418 1130 fieri

275 1167 391 1222 solebat
410 1169 441 1220 iu
461 1167 579 1238 publico
598 1167 681 1221 luctu
701 1175 732 1221 et
751 1167 932 1238 reipublicae
960 1166 1190 1222 calamitatibus.
1215 1197 1247 1208 -
1271 1165 1420 1238 luxerant]

275 1275 380 1312 verum
400 1259 440 1313 sit
459 1273 553 1312 necne
571 1261 722 1312 matronas
740 1261 797 1312 toto
808 1273 894 1312 anno
911 1257 1025 1312 lusisse
1039 1274 1106 1310 eum
1137 1258 1221 1311 euius
1241 1255 1419 1310 crudelitate

276 1345 388 1400 multae
407 1345 486 1401 filios
514 1348 655 1417 virosque
675 1349 857 1411 amiserant,
885 1345 1017 1400 dubitari
1047 1352 1159 1416 potest;
1189 1347 1309 1400 omnino
1329 1353 1420 1414 negat

276 1436 481 1490 Franckenius
508 1437 547 1507 (p.
571 1438 645 1507 1161).
666 1468 698 1478 --
718 1437 750 1492 in
769 1453 922 1507 campo-
954 1435 1130 1509 frequentia]
1149 1437 1185 1490 cf.
1206 1436 1270 1489 Liv.
1288 1452 1348 1505 per.
1368 1437 1419 1490 90:

275 1527 360 1583 Salar
378 1525 499 1580 decessit
516 1529 662 1596 honosque
680 1525 706 1580 ei
724 1543 742 1580 a
761 1530 863 1602 senatu
882 1525 997 1580 babitus
1016 1529 1057 1580 est
1077 1529 1108 1579 nt
1126 1525 1158 1580 in
1180 1527 1289 1595 Campo
1308 1523 1420 1579 Martio

275 1615 452 1685 sepeliretur.
480 1615 524 1670 De
553 1615 608 1670 hoc
635 1615 739 1670 iunere
768 1617 884 1686 copiose
913 1614 1038 1669 tradunt
1058 1617 1211 1686 Appianas
1240 1622 1270 1684 61
1298 1615 1420 1668 Ρ16161-

277 1705 351 1760 chus
370 1707 400 1776 (l.
419 1708 477 1776 m.).
493 1736 520 1744 -
535 1704 746 1775 6111661666-
759 1709 800 1760 est
813 1703 968 1777 insecutus]
991 1705 1068 1758 llut.
1082 1703 1227 1776 (1.6.)166
1246 1709 1322 1776 πυρὸς
1336 1705 1421 1758 ἀπιόν·

277 1813 320 1856 τος
341 1795 490 1866 ὲγχυθῆναι
508 1794 585 1848 πολὺν
605 1793 700 1866 ὄμβρον
719 1797 761 1848 καὶ
780 1803 915 1866 κατασχεῖν
942 1795 1005 1866 ἄχρι
1025 1797 1123 1856 νυκτὸς.
1143 1823 1178 1835 -
1194 1793 1330 1852 Sallustii
1347 1809 1421 1864 opus

288 1916 312 1924 -
330 1881 505 1956 disserendo]
524 1883 560 1938 de
580 1889 644 1937 toto
663 1883 719 1938 hoc
738 1883 802 1937 loco
816 1901 843 1938 v.
855 1883 918 1938 Isia
939 1884 972 1938 di
992 1884 1049 1939 Fit.
1068 1884 1086 1936 l.
1109 1901 1146 1938 m.
1167 1902 1192 1954 p.
1206 1884 1260 1937 276
1273 1890 1374 1953 etseq.
1391 1914 1424 1962 -ι

277 1973 413 2030 Sallustii
430 1972 512 2046 opus]
531 1975 549 2026 i.
570 1991 594 2027 e.
614 1973 819 2031 Historiarum
841 1973 907 2026 libri
927 1975 1057 2043 quinque
1077 1973 1114 2027 ab
1135 1973 1421 2044 61166676(Ι1Ι.Ι16-

278 2061 346 2133 pido
366 2061 397 2128 Q.
418 2061 930 2134 01116166666.)66666611666616
950 2061 1147 2132 681,661116’6,
1168 2061 1244 2132 quod
1276 2062 1312 2115 ad
1334 2068 1423 2114 mate·

279 2153 355 2206 riam
375 2153 494 2220 attinet,
506 2151 647 2206 Sisennae
667 2153 801 2206 narratio
821 2152 1059 2206 continuabatur.
1075 2151 1139 2217 Quo
1163 2159 1295 2222 tempore
1309 2151 1339 2204 hi
1354 2152 1422 2204 libri

280 2241 352 2296 editi
372 2243 433 2296 sint
453 2243 600 2294 incertum
621 2247 676 2308 est,
696 2240 747 2296 sed
768 2241 869 2312 procul
889 2240 978 2294 dubio
998 2251 1067 2312 post
1088 2241 1231 2298 Catilinae
1249 2241 1422 2296 coniuratio·

279 2348 345 2395 116111
364 2334 391 2385 et
410 2331 525 2385 Bellum
544 2331 762 2402 Iapurtbinum,
776 2347 854 2384 anno
870 2329 999 2384 fortasse
1024 2331 1077 2384 714
1096 2348 1123 2384 u.
1143 2349 1166 2384 6.
1187 2331 1230 2384 De
1254 2331 1341 2384 116166
1360 2347 1423 2399 ope·

280 2421 321 2475 ris
340 2421 469 2491 epitome
489 2419 578 2474 66116
598 2419 733 2490 reliquiis
753 2437 780 2474 v.
800 2417 1091 2473 Teuffel-Schwabe.
1114 2421 1211 2476 Gescb.
1234 2419 1269 2474 Is.
1289 2422 1323 2474 L.
1344 2421 1366 2473 I.
1388 2421 1422 2474 B.

280 2501 385 2580 6205,
405 2510 430 2563 4.
454 2540 485 2550 -
506 2513 647 2564 16616661
667 2527 726 2564 non
745 2510 889 2580 arpentis]
922 2507 939 2562 i.
967 2527 991 2564 e.
1012 2511 1177 2576 orationes,
1197 2509 1421 2579 descriptiones

280 2599 431 2670 epistolas,
447 2598 483 2654 de
502 2601 567 2654 vita
580 2599 734 2653 hominum
750 2605 780 2652 et
793 2599 925 2653 moribus
938 2597 1166 2668 disputationes
1182 2600 1281 2652 omnia
1296 2597 1422 2668 denique

281 2706 356 2760 quae
366 2691 570 2744 continentem
584 2707 684 2743 rerum
698 2689 901 2744 narrationem
914 2687 1080 2758 impediunt
1091 2695 1180 2758 atque
1191 2689 1423 2758 interrumpunt.

281 2809 314 2819 —
333 2795 404 2834 nam
424 2808 458 2818 -
478 2777 639 2851 tepentium]
659 2777 723 2844 Qua
742 2784 842 2832 aetate
862 2781 893 2831 61
906 2795 923 2830 a
937 2777 1044 2847 quibus
1058 2777 1228 2832 hominibus
1242 2777 1296 2831 hoo
1310 2777 1345 2830 de
1359 2777 1424 2830 Sal-

281 2867 372 2922 lustio
391 2867 532 2922 iudicium
552 2866 617 2922 fieri
637 2873 738 2938 posset
757 2865 887 2924 diximus
907 2867 937 2920 in
957 2867 1023 2922 Riv.
1042 2866 1075 2921 di
1093 2866 1148 2921 Fit.
1170 2867 1187 2920 l.
1208 2884 1245 2920 m.

335 2957 368 3011 B.
385 2961 515 3028 tempora
533 2974 594 3027 rep.
615 2955 681 3030 sua}
700 2963 735 3010 ut
748 2958 777 3010 in
793 2957 868 3011 libro
881 2956 917 3010 de
931 2957 1076 3010 Catilinae
1092 2957 1305 3010 coniuratione.
1327 2987 1358 2996 —
1373 2959 1424 3010 boc

281 3045 382 3120 penus]
393 3064 420 3102 v.
431 3045 530 3101 Madv.
541 3045 674 3100 Gramm.
688 3047 720 3100 L.
732 3047 819 3116 §aaa
832 3077 863 3086 -
875 3047 928 3102 dat
937 3046 968 3100 in
980 3044 1148 3118 66116611]Βί
1168 3044 1286 3115 quidem
1300 3046 1426 3100 Licinia·

282 3153 339 3191 nus
352 3138 395 3191 sic
408 3136 537 3207 scripsit,
548 3135 625 3206 quod
640 3153 698 3190 non
714 3134 950 3203 adfirmaverim,
962 3141 1008 3190 est
1024 3136 1093 3197 ἅπαξ
1108 3134 1247 3206 εἰρόμενον,
1268 3134 1345 3205 apud
1359 3135 1424 3187 Liv.

283 3226 344 3297 (39,
363 3225 410 3300 44)
425 3248 436 3274 ‹
450 3225 559 3295 referre
577 3225 609 3280 in
620 3241 758 3280 cerasum»
782 3231 844 3292 est,
864 3224 915 3279 sed
935 3243 994 3278 non
1020 3224 1166 3278 translate
1186 3231 1371 3294 usurpatum.
1392 3255 1425 3262 —

289 3318 394 3372 Verum
413 3315 507 3370 nbi-
527 3313 689 3388 coeperunt]
704 3315 760 3369 Vix
779 3313 878 3368 Sullae
897 3313 988 3368 funus
1007 3314 1188 3368 celebratum
1204 3319 1269 3367 erat
1284 3332 1348 3366 cum
1369 3315 1425 3366 111-

283 3405 354 3460 buni
374 3405 468 3477 plebis
487 3423 504 3459 a
524 3404 698 3460 consulibus
718 3405 769 3476 (M.
789 3404 917 3458 Aemilio
936 3403 1047 3474 Lepido
1068 3403 1149 3469 etQ.
1169 3404 1293 3457 Lutatio
1307 3402 1426 3473 Catulo)

283 3500 429 3566 expetunt
448 3499 482 3548 61
501 3493 661 3548 tribunicia
681 3500 814 3564 potestas
833 3511 850 3546 6
870 3492 951 3547 Sulla
970 3492 1124 3547 deminuta
1144 3495 1173 3546 in
1196 3493 1354 3563 pristinum
1368 3499 1427 3546 616·

284 3589 349 3638 tum
371 3585 559 3638 restituatur.
582 3581 639 3637 Sed
660 3581 690 3635 id
717 3582 870 3650 16166161,
891 3588 926 3636 61
947 3599 984 3636 66
1006 3581 1117 3652 Lepido
1137 3581 1255 3652 quidem
1286 3581 1425 3652 placeret,

284 3675 422 3744 quamvis
441 3672 629 3744 popularium
649 3673 780 3743 partium
800 3669 1028 3738 studiosissimo,
1043 3670 1121 3741 quod
1141 3671 1332 3724 tribuniciam
1347 3677 1426 3741 pote-

284 3767 405 3830 statem,
423 3763 521 3832 qualis
540 3762 639 3816 fuerat
658 3767 729 3816 ante
748 3760 902 3815 Sullanam
923 3762 1095 3826 victoriam,
1116 3763 1166 3831 qui
1192 3777 1255 3814 rem
1277 3759 1425 3830 publicam
1501 3816 1505 3822 ,

285 3852 438 3922 regebant,
458 3853 591 3907 cuiusvis
601 3853 697 3922 partis
708 3856 818 3918 essent,
828 3850 884 3906 sibi
899 3850 1120 3905 formidolosam
1135 3849 1348 3904 existimabant
1362 3849 1427 3921 (cfr.

285 3941 354 3996 Sall.
364 3941 441 3996 Hist.
454 3942 479 4009 3,
490 3942 533 4006 61,
547 3943 578 3994 12
589 3941 732 4012 Dietsch).
744 3940 809 3994 Non
824 3945 905 3994 16616
917 3941 1011 4011 igitur
1026 3939 1152 3993 Franck.
1168 3943 1205 4010 (p.
1219 3940 1292 4008 247),
1306 3939 1430 3992 Lincke·

285 4033 348 4086 rius
367 4032 405 4102 (p.
425 4030 490 4100 636)
509 4035 564 4084 616.
583 4030 825 4098 (DieckmannuS,
840 4031 939 4084 nescio
953 4028 1107 4098 quomodo,
1123 4035 1219 4096 totum
1237 4029 1315 4082 hunc
1331 4029 1427 4081 locum

286 4121 433 4192 neglexit)
444 4121 635 4173 Licinianum
651 4119 835 4190 exprobrant
848 4117 926 4188 quod
945 4118 1089 4189 Lepidum
1106 4125 1311 4189 postmortem
1328 4118 1427 4171 Sullae

287 4213 373 4282 quasi
392 4211 583 4282 optimatium
599 4227 706 4264 causae
719 4215 973 4280 propugnatorem
987 4208 1145 4263 effinxerit.
1160 4208 1286 4278 Nepavit
1297 4208 1429 4276 Lepidus

286 4303 341 4373 (ita
360 4301 452 4356 verba
479 4301 628 4354 Liciniani
652 4297 854 4370 intellegenda
873 4301 957 4369 6661)
977 4299 1076 4354 utitem
1097 4316 1155 4353 esse
1174 4297 1290 4353 restitui
1308 4297 1427 4352 tribuni·

286 4391 363 4446 eiam
379 4393 558 4460 potestatem,
570 4391 621 4444 sed
640 4392 667 4444 et
685 4391 771 4458 tepens
788 4387 1015 4457 frumentariam
1031 4389 1155 4458 adeptus
1168 4389 1211 4441 est
1222 4389 1249 4440 et
1262 4388 1354 4440 marlia
1368 4385 1428 4440 alia

286 4479 436 4552 pollicitus
454 4485 510 4534 etc.
530 4481 570 4552 (r.
590 4479 692 4550 Lange
712 4482 747 4534 li.
768 4481 824 4535 Alt.
843 4479 898 4532 III.
918 4479 935 4546 §
955 4475 1214 4549 147)-Ι16611161)
1229 4476 1268 4530 M.
1283 4475 1428 4530 Aemilius

287 4569 417 4643 Lepidus
437 4587 473 4625 ex
493 4570 684 4643 optimatium
704 4566 839 4644 partibus
859 4563 896 4620 ad
915 4567 1073 4646 populares
1093 4567 1257 4628 transierat
1276 4583 1312 4624 ue
1333 4565 1368 4622 de
1387 4583 1428 4624 re·
