3658 5424
921 509 1062 568 „3-

418 645 531 702 vimus:
606 652 707 702 uatem
729 643 934 716 de‘cquitibus
961 659 1022 699 nou
1042 642 1181 712 omittam,
1200 635 1278 713 quod
1301 641 1481 714 Tarquinius
1498 639 1560 711 fuit

417 739 536 803 auctor,
556 739 589 790 ut
609 736 721 806 priores
745 734 852 806 equites
879 733 962 789 binos
988 749 1076 804 equos
1093 732 1127 788 iu
1143 733 1286 804 proelium
1308 735 1456 788 ducerent.
1484 735 1562 787 Eam

420 824 790 896 consuetudinemquidam
799 826 908 894 neqaut
928 823 1063 880 Curiatio
1082 822 1113 878 ia
1132 822 1251 878 Italiam
1268 822 1396 892 oenimm
1415 839 1466 878 nec
1477 823 1563 877 Grae·

421 929 469 968 cos
487 931 521 968 ca
538 931 614 970 usos.
633 914 714 970 Licet
732 913 903 984 confirmare
921 915 980 981 icoc,
1000 914 1079 983 quod
1096 911 1226 985 Amyclis
1246 912 1376 970 Castoris
1390 915 1418 967 ct
1434 910 1562 968 Pollucis

396 991 398 1000 ’
420 1002 580 1058 simulacra
598 1003 709 1059 siraeos
727 1018 814 1074 equos
832 1003 938 1058 habeut
955 1003 1060 1056 nullos.
1070 1001 1153 1059 Satis
1170 1003 1262 1058 habeo
1271 1001 1389 1073 antiqui
1396 1001 1476 1057 itlius
1492 999 1563 1068 foui

420 1093 617 1160 admonuisse,
633 1110 703 1149 nam
716 1093 875 1148 Dioscuros
893 1091 1056 1147 statuariae
1074 1091 1198 1163 artifices
1217 1092 1339 1163 quidam
1358 1091 1484 1154 ἀνίππους
1501 1091 1561 1162 fin-

417 1184 539 1252 qeocm,
557 1182 610 1239 ulii
630 1181 797 1244 καλλὶππους.
817 1183 954 1252 Appellat
973 1181 1119 1252 {lexuntes
1137 1198 1156 1236 a
1174 1198 1277 1252 qaaere
1299 1181 1460 1247 textilium,
1483 1180 1561 1252 quod

418 1272 526 1342 siequm
548 1275 708 1342 uocabout;
729 1288 799 1327 uam
820 1275 978 1342 autequam
1002 1271 1140 1342 ephippio
1160 1271 1294 1327 adsueuit
1322 1271 1460 1328 militatis
1480 1270 1563 1326 licem·

421 1361 480 1416 tia.
558 1361 710 1417 Addamus
728 1363 759 1416 in
778 1359 838 1415 fine
856 1360 912 1414 hoc
931 1361 1085 1431 equitatus
1104 1377 1200 1432 genus
1214 1351 1390 1416 mulioante
1409 1360 1563 1416 Ciceronis

420 1456 451 1504 ei
480 1450 560 1508 Livii
583 1456 714 1507 aetatem
737 1449 920 1506 obsolevisse
944 1448 1055 1517 videri,
1075 1455 1165 1522 utque
1187 1451 1265 1506 hanc
1286 1450 1415 1508 fortasse
1440 1468 1561 1506 causam

421 1557 486 1596 esse
505 1541 585 1612 quod
604 1541 682 1614 apud
701 1545 842 1597 neutrum
862 1557 965 1596 eorum
989 1541 1171 1612 scriptorum
1191 1541 1351 1614 quidquam
1371 1541 1407 1598 de
1424 1540 1562 1598 flexunti·

421 1628 476 1684 bns
495 1631 693 1686 inveniamus.
