3658 5424
895 511 934 523 ..
956 477 995 538 20
1017 509 1055 523 .-

403 611 464 666 sint
473 628 531 666 non
541 609 671 680 uurplius
681 608 831 666 bominum
850 611 980 680 quinque
998 608 1081 665 milia
1096 611 1190 680 potest
1206 607 1380 665 sustinere.»
1397 608 1549 664 -indicto

402 681 598 772 pretiolcsrto
611 698 708 769 pretio
727 716 743 752 a
764 698 894 752 Lentulo
914 699 979 768 ipso
998 699 1172 765 constituto,
1191 715 1251 752 non
1271 714 1323 768 per
1342 697 1552 752 licitationem.

457 790 490 844 B.
509 787 689 860 reciperavit]
706 787 800 842 Recte
819 793 921 842 monet
935 787 1156 843 Diackmannus
1169 788 1207 859 (p.
1226 788 1274 858 24)
1293 805 1329 842 ex
1349 786 1489 842 Cicerone
1505 789 1552 859 (cte

404 883 461 952 Ieye
475 896 535 950 cyr.
549 877 590 946 11,
601 878 643 944 30,
658 877 706 949 82)
721 877 821 949 colligi
836 895 894 932 non
909 894 1003 948 posse,
1017 883 1050 931 ut
1072 884 1159 948 putat
1178 877 1382 932 Mommsenus
1408 877 1438 949 (l.
1458 895 1496 930 m.
1516 879 1548 932 in

405 967 492 1040 adm),
503 967 665 1022 Lentulum
685 968 716 1020 in
736 967 911 1022 universum
925 967 1000 1020 nihil
1019 964 1159 1034 effecisse,
1174 984 1242 1021 cum·
1260 984 1445 1038 possessores
1459 984 1548 1038 agros

405 1058 535 1114 vendere
545 1057 719 1111 noluissent.
732 1055 818 1126 Apud
828 1057 1001 1111 Ciceronem
1016 1057 1093 1110 enim
1105 1055 1178 1111 haec
1197 1061 1314 1110 tantum
1329 1061 1470 1127 leguntur
1483 1057 1549 1129 (nec

406 1147 494 1202 aliter
514 1147 574 1216 legi
602 1148 752 1216 possunt):
772 1145 880 1200 dicitur
898 1145 1080 1201 renuntiasse
1107 1147 1189 1200 nulla
1208 1162 1237 1200 se
1262 1147 1391 1216 pecunia
1417 1145 1549 1214 fundum

406 1236 559 1292 cuiusdam
578 1236 662 1306 (ergo
682 1253 740 1289 non
761 1235 900 1301 oninium,
914 1235 965 1290 sed
979 1235 1069 1290 unius
1081 1234 1237 1290 cuiusdam
1251 1235 1441 1308 possessoris)
1460 1253 1550 1290 emere

401 1325 540 1397 potuisse,
559 1341 680 1395 eumque
699 1324 752 1395 qui
763 1327 848 1379 nollet
861 1327 988 1389 vendere,
1005 1325 1069 1379 ideo
1082 1341 1200 1394 ueqcsse
1213 1330 1268 1380 etc.
1284 1355 1316 1366 -
1329 1325 1458 1394 formum
1471 1342 1549 1396 cyro·

406 1433 473 1470 rum
485 1415 517 1469 in
530 1430 581 1468 uss
594 1412 727 1486 incisam]
743 1413 887 1468 Tabulam
902 1415 932 1467 in
946 1431 997 1468 aes
1012 1414 1145 1481 incisam,
1160 1412 1384 1484 discriptionem
1399 1431 1549 1484 agrorum,

406 1505 528 1558 nomina
546 1519 749 1572 possessorum
764 1503 878 1572 etquid
898 1503 1022 1573 quisque
1036 1503 1197 1572 quotannis
1211 1502 1328 1557 solvere
1342 1502 1463 1557 deberet
1478 1521 1550 1558 con·

407 1594 563 1648 tinentem.
575 1590 619 1646 De
629 1591 685 1645 hac
696 1591 798 1644 tabula
809 1591 891 1646 solus
904 1589 1084 1646 Licinianus.
1093 1623 1127 1632 --
1137 1593 1178 1646 ud
1186 1590 1351 1664 Libertatis]
1363 1594 1380 1646 i.
1391 1610 1415 1648 e.
1426 1593 1547 1662 atrium

406 1699 475 1748 non,
495 1698 576 1750 erge,
594 1681 732 1750 templum
751 1679 917 1734 Libertatis
936 1681 967 1732 in
987 1685 1088 1734 monte
1110 1680 1264 1734 Aventino
1289 1698 1307 1734 a
1326 1680 1358 1734 Τ.
1377 1679 1550 1752 Sempronio

408 1771 543 1825 Graccho
562 1773 654 1840 (cons.
674 1770 747 1840 516),
776 1774 861 1839 patre
886 1770 950 1824 eius
970 1771 1020 1839 qui
1049 1769 1126 1840 apud
1146 1769 1353 1825 Beneventum
1371 1770 1550 1826 Hannonem

408 1862 490 1928 vicit,
509 1859 669 1926 conditum,
690 1858 741 1914 sed
761 1859 870 1914 utrium
880 1858 1053 1927 Libertatis,
1068 1859 1145 1930 quod
1159 1860 1290 1930 amplum
1304 1860 1472 1916 aedificium
1485 1868 1551 1916 erat

408 1951 573 2022 profanum,
593 1951 686 2006 variis
706 1947 809 2004 usibus
828 1949 953 2020 publicis
972 1951 1165 2018 destinatum,
1189 1950 1239 2004 ubi
1268 1951 1350 2022 leges
1377 1951 1550 2023 plerumque

408 2039 572 2112 parietibus
582 2037 752 2108 figebantur
763 2039 803 2110 (v.
816 2039 969 2095 Wissowa
982 2040 1013 2092 in
1027 2039 1098 2093 Lex.
1112 2037 1269 2094 Roscherii
1282 2058 1309 2110 p.
1321 2040 1390 2096 2031
1405 2046 1436 2094 et
1450 2043 1551 2112 seqq).

412 2159 443 2170 -
462 2145 550 2200 quum
568 2145 599 2198 p.
618 2129 649 2186 S.
669 2126 808 2201 corrupit]
826 2127 894 2182 Sive
921 2145 1107 2199 possessores
1135 2128 1250 2184 nobiles
1278 2128 1430 2184 Romanos
1453 2149 1552 2184 annuo

409 2218 523 2272 tributo
542 2217 643 2274 levare
663 2219 793 2288 cupiens,
813 2219 877 2273 sive
897 2217 975 2288 quod
994 2235 1043 2272 res
1062 2217 1180 2288 publica
1198 2218 1277 2273 bello
1299 2219 1402 2274 sociali
1424 2221 1467 2274 ita
1487 2227 1552 2276 erat

409 2314 534 2374 mutata,
555 2313 588 2361 ut
607 2307 709 2362 nullus
727 2309 787 2361 iam
806 2308 948 2377 antiquae
975 2306 1095 2361 tabulae
1118 2324 1190 2362 usus
1210 2314 1299 2364 esset.
1322 2341 1355 2352 ·-
1368 2308 1471 2383 dotem]
1491 2315 1553 2364 tam

409 2399 518 2468 exigua
537 2396 606 2451 dote
625 2395 704 2451 filiae
725 2396 796 2451 data
815 2396 984 2451 ostenditur
999 2401 1111 2467 quanta
1132 2398 1310 2468 integritate
1323 2404 1353 2454 ct
1368 2401 1554 2454 continentie

409 2485 557 2541 Lentulus
576 2485 668 2539 fuerit
687 2486 717 2539 iu
738 2486 862 2556 pecunia
882 2485 999 2555 publica
1018 2485 1264 2540 administranda.
1277 2519 1313 2528 --
1332 2487 1446 2561 Verum]
1465 2487 1554 2543 Redit

411 2575 584 2630 Licinianus
603 2574 641 2628 ad
660 2591 708 2630 res
727 2573 874 2645 Syriacas,
894 2575 938 2628 ita
957 2580 991 2628 ut
1011 2576 1110 2628 omnia
1129 2577 1251 2645 quaein
1270 2575 1347 2631 libro
1361 2577 1398 2631 ab
1412 2577 1554 2632 Antiochi

411 2665 575 2736 Epiphanis
594 2669 690 2718 morte
709 2663 855 2719 hactenus
868 2669 1040 2733 narrantur,
1057 2666 1170 2719 inserta
1184 2681 1249 2720 esse
1264 2666 1424 2721 videantur
1435 2665 1471 2720 ad
1483 2684 1554 2720 con-

412 2755 594 2809 secutionem
608 2755 750 2824 temporis
765 2753 944 2808 servandam
955 2753 1004 2824 (cf.
1018 2753 1182 2808 Francken.
1195 2755 1213 2807 l.
1228 2773 1295 2826 m.p.
1306 2755 1415 2826 240).-
1428 2755 1489 2827 filio
1499 2757 1554 2810 An·

413 2841 648 2915 tiochiA.puerc]
664 2842 806 2896 Antiochi
825 2842 989 2914 Epiphanis
1008 2841 1097 2910 filius,
1117 2845 1166 2913 qui
1187 2861 1260 2915 puer
1279 2850 1393 2915 septem
1409 2862 1555 2899 annorum

413 2939 478 2987 erat
498 2950 565 2987 cum
584 2936 668 3002 pater
682 2936 819 2986 mortuus
832 2937 886 2988 est.
909 2965 937 2974 -
966 2935 1135 3003 paulopost
1148 2933 1200 2987 ric.
1214 2933 1386 3007 appellatus]
1406 2933 1555 2988 Antiocho

408 3024 501 3093 paulo
511 3025 583 3092 post,
594 3037 654 3076 non
664 3021 764 3076 statim
775 3027 842 3091 post
854 3022 949 3091 patris
961 3027 1097 3089 mortem,
1108 3021 1164 3075 hoc
1175 3039 1339 3092 cognomen
1350 3022 1478 3076 inditum
1491 3039 1556 3077 esse

413 3118 537 3183 apparet
555 3112 603 3182 (cf.
623 3111 772 3166 Cavedoni
792 3110 809 3164 l.
830 3111 880 3182 m.)
899 3112 990 3164 etiam
1005 3128 1041 3164 ex
1060 3113 1199 3179 nummis,
1213 3129 1339 3182 quorum
1354 3114 1384 3166 iu
1399 3112 1556 3183 plerisque,

413 3202 465 3258 sed
484 3220 543 3256 non
562 3204 593 3256 in
624 3201 769 3270 omnibus,
790 3201 948 3256 Antiochus
982 3201 1100 3274 εὐπάτωρ
1128 3206 1230 3256 cst.-
1257 3200 1414 3275 Demetrio]
1442 3201 1556 3257 Seleuci

413 3291 614 3362 Philopatoris
633 3291 712 3346 filius
731 3292 772 3364 (v.
791 3291 858 3345 udn.
878 3309 904 3360 p.
926 3292 970 3362 10)
990 3309 1006 3345 a
1027 3296 1114 3362 patre
1133 3291 1260 3346 Romam
1281 3291 1368 3347 obses
1383 3293 1492 3348 missus
1512 3297 1559 3347 est

413 3381 555 3437 inlocum
567 3380 709 3435 Antiochi
722 3380 833 3448 fratris,
848 3381 898 3450 qui
913 3382 1089 3451 cognomine
1104 3380 1268 3452 Epiphanis
1282 3386 1386 3452 postea
1404 3383 1553 3452 regnavit;

413 3473 514 3541 itaque
533 3471 628 3525 frater
648 3475 713 3524 erat
733 3469 878 3542 patruelis
898 3471 962 3524 cius
980 3471 1065 3540 pueri
1085 3471 1133 3523 cui
1160 3469 1264 3540 Syriae
1284 3487 1409 3540 regnum
1435 3475 1558 3525 senatus

414 3562 569 3618 concessit.
589 3592 622 3601 -
641 3561 734 3616 illese
750 3563 907 3630 puerulum
926 3563 961 3616 R.
981 3557 1100 3632 venisse]
1122 3577 1200 3613 anno
1220 3559 1435 3614 tredecimum
1449 3561 1558 3614 astatis

415 3669 527 3705 annum
546 3667 647 3721 agens,
667 3651 685 3705 i.
696 3668 720 3704 e.
741 3668 819 3704 anno
833 3656 903 3704 ante
924 3656 1052 3704 mortem
1071 3648 1231 3722 .petris(cf.
1251 3649 1347 3720 Pauly
1366 3652 1502 3705 Reulenlc.
1517 3649 1557 3716 ΙΙ,

415 3742 487 3811 932).
508 3771 540 3780 -
560 3742 600 3794 ad
618 3756 712 3794 aniius
731 3738 846 3813 XXIV]
872 3741 892 3798 i.
917 3757 941 3794 c.
961 3744 1104 3809 quattuor
1134 3743 1164 3792 et
1184 3740 1294 3810 viginti
1321 3757 1416 3794 annos
1444 3746 1557 3806 natum,

416 3829 540 3901 Polybio
559 3829 686 3901 (XXXI.
709 3830 754 3902 12)
773 3836 803 3884 et
823 3830 958 3901 Appiano
977 3829 1158 3884 auctoribus.
1179 3860 1212 3868 -
1231 3847 1297 3884 cum
1311 3827 1434 3902 baberet]
1452 3828 1557 3884 Verisi-

417 3919 486 3975 mile
506 3924 552 3974 est
570 3917 767 3987 Licinianum,
781 3918 883 3973 ecdem
898 3919 981 3972 fonte
1000 3935 1087 3973 usum
1106 3917 1222 3989 (Polyb.
1239 3918 1258 3972 l.
1277 3937 1315 3971 m.
1334 3935 1371 3972 ex
1385 3937 1443 3990 quo
1457 3924 1558 3974 tamen

417 4008 530 4063 directe
548 4026 607 4063 non
626 4009 737 4077 haurit,
756 4026 784 4062 v.
804 4008 879 4079 disp.
899 4027 927 4062 n.
949 4009 980 4062 in
999 4007 1067 4064 Riv.
1087 4007 1120 4063 di
1137 4008 1176 4078 sil.
1197 4025 1283 4062 mem.
1303 4009 1447 4078 p.281ct
1466 4009 1558 4079 seqq.)

416 4097 453 4150 ad
473 4097 562 4155 finem
575 4097 731 4152 historiam
751 4096 909 4152 deduxisse
924 4097 1011 4152 huius
1025 4095 1177 4152 fraternae
1189 4098 1398 4165 contentionis,
1409 4116 1484 4168 ques
1504 4115 1557 4169 po-

417 4186 486 4258 pulo
505 4186 640 4242 Romano
659 4186 738 4240 haud
758 4203 849 4258 parvo
868 4185 1006 4241 dedecori
1027 4185 1093 4242 fuit.

837 4375 1136 4416 —-<›0<>0‹>-‹
