3658 5424
918 450 1055 549 ,ῤ-

803 859 908 948 irs.
931 840 1079 937 ‘xxvi
1115 858 1173 962 a).

491 1107 563 1174 Fal.
587 1109 642 1173 XI
661 1130 701 1190 a,
721 1129 801 1194 pap.
828 1110 936 1174 29-30
954 1130 1002 1193 p,
1023 1130 1060 1193 p.
1086 1108 1172 1175 513.

425 1249 468 1316 Α.
493 1301 521 1315 ..
539 1300 567 1316 ..
585 1249 711 1316 animis
735 1250 870 1316 hostem
892 1250 930 1315 in
961 1273 1080 1338 pugna
1104 1249 1271 1318 acerrima
1290 1249 1482 1338 fregerunt,
1508 1274 1556 1318 se·

492 1363 563 1422 met
599 1357 705 1422 etiam
742 1357 958 1424 devovebant
992 1363 1031 1423 ut
1065 1355 1103 1422 in
1117 1407 1376 1426 ............
1400 1357 1557 1424 hostibus

494 1464 642 1530 immisit
653 1515 1041 1534 ..................
1055 1466 1202 1532 vocabat
1215 1464 1259 1530 ad
1271 1464 1454 1531 consilium
1468 1487 1557 1531 com-

494 1571 975 1660 muneoapiendumaciunct
985 1623 1146 1643 ........
1156 1596 1237 1640 vero
1249 1571 1556 1661 plurimiauctores

494 1679 702 1746 omittebant
726 1732 822 1748 .....
848 1680 1085 1747 nominabant.
1293 1763 1296 1772 Ι

538 1789 591 1852 De
608 1787 786 1853 ordinibus
802 1793 836 1853 et
853 1787 1050 1854 nominibus
1068 1793 1102 1854 et
1126 1785 1323 1856 numeris..
1339 1839 1345 1854 .
1361 1839 1367 1852 .
1386 1785 1558 1874 armisque

428 1895 470 1961 B.
494 1893 649 1959 militum
666 1893 736 1990 iam
760 1893 797 1958 in
819 1896 823 1981 i
844 1894 1017 1982 prioribus
1040 1894 1139 1961 libris
1156 1893 1239 1960 dixi.
1258 1917 1378 1960 verum
1403 1894 1445 1960 de
1467 1893 1559 1980 equi-

495 2001 588 2068 tibus
611 2025 682 2068 non
706 2002 875 2089 omittam,
901 2025 985 2088 quos
1009 2001 1217 2088 Tarquinius
1240 2002 1291 2068 ita
1309 2002 1501 2090 constituit,
1519 2009 1559 2068 ut

495 2108 625 2197 priores
649 2109 780 2196 equites
805 2109 904 2175 binos
929 2131 1032 2196 equos
1049 2109 1087 2173 in
1110 2108 1281 2196 proelium
1305 2109 1512 2176 ducerent..
1528 2162 1534 2174 .
1550 2161 1557 2175 .

497 2267 755 2285 ............
783 2215 934 2284 Castoris
962 2223 996 2282 et
1024 2215 1176 2282 Pollucis
1204 2215 1389 2283 simulacra
1416 2225 1560 2303 σειραίους

430 2321 431 2324 ’
494 2347 598 2410 equos
614 2323 743 2390 habent
755 2325 870 2390 nullos
894 2373 1333 2394 ....................
1358 2346 1442 2410 quos
1458 2325 1560 2412 Spar-

494 2430 602 2498 tiatae
625 2434 788 2520 ἀρίμαντας
804 2436 839 2498 et
855 2430 996 2517 quidam
1013 2434 1162 2520 ἁμίππους
1176 2480 1341 2498 ........
1359 2429 1421 2495 alii
1437 2435 1560 2498 καλλίπ-

496 2561 568 2615 πους
582 2536 770 2630 appellsirt.
784 2539 953 2606 fiexuntes
966 2563 1122 2626 agenore
1135 2589 1457 2607 ...............
1469 2539 1560 2626 quod

497 2697 727 2716 ...........
741 2647 1558 2737 vocabant....detentor.................

469 2987 503 3037 A.
519 2986 620 3052 Margo
628 2987 750 3038 exterior
758 2987 875 3038 avulsus
887 2991 937 3050 est,
952 2985 995 3037 ite.
1007 2990 1040 3038 ut
1053 2984 1126 3038 duae
1137 2986 1181 3038 vel
1192 2991 1250 3038 tres
1261 2986 1375 3038 litterae
1384 2986 1489 3052 priores
1499 2984 1569 3037 desi·

423 3064 653 3131 detentur31inee
662 3067 721 3116 18¹⁰·
731 3067 835 3130 et19ffl1,
845 3067 911 3117 oiim
921 3066 1083 3131 diremptae,
1090 3067 1162 3117 mele
1171 3066 1384 3132 conglutinatae
1393 3071 1568 3131 suntquare,

424 3145 588 3198 membrana
604 3163 680 3198 nunc
690 3147 739 3199 ilio
750 3147 780 3198 in
791 3148 851 3199 ioco
862 3147 1037 3212 complicata,
1049 3147 1140 3211 apices
1152 3146 1208 3198 ism
1221 3146 1278 3198 iarn
1290 3146 1430 3213 distingui
1442 3148 1499 3199 iere
1513 3164 1569 3198 non

423 3230 554 3293 possunt3
570 3227 661 3278 lineas
676 3228 749 3278 nat
767 3229 923 3292 perforatae
940 3233 1009 3278 sunt
1026 3244 1050 3292 p.
1061 3229 1130 3278 -in
1142 3245 1234 3292 pnpna
1249 3229 1387 3293 acerrima]
1405 3229 1446 3280 IN
1456 3229 1568 3279 ...NA-

423 3307 596 3361 consina
613 3307 718 3374 iegitur
734 3309 764 3360 in
780 3309 848 3374 Ms.;
864 3310 959 3371 impetn
970 3310 1097 3360 acerrima
1108 3326 1133 3374 p.
1145 3313 1174 3360 et
1184 3311 1214 3360 B.
1225 3336 1256 3346 -
1267 3316 1340 3360 senet
1351 3310 1435 3375 etiam]
1452 3325 1477 3373 p.
1488 3307 1570 3359 addit

423 3393 500 3458 ipsos.
512 3418 543 3428 -
554 3389 712 3455 &accedenti
729 3391 773 3455 B.;
788 3389 908 3440 vendant
925 3407 949 3454 p.
960 3417 991 3427 —
1007 3395 1034 3440 ni
1049 3391 1076 3439 in
1085 3425 1222 3440 .........
1238 3389 1471 3454 insubstantia]
1490 3406 1515 3454 p.
1530 3390 1570 3440 sic

424 3471 550 3536 corrupti
567 3476 595 3523 et
611 3471 736 3522 lacunosi
754 3469 807 3522 loci
824 3476 932 3535 portem
947 3470 1057 3522 censuit
1068 3470 1192 3536 suppleri
1204 3487 1291 3536 posse:
1307 3506 1409 3522 .......
1421 3471 1571 3521 ceteriidenr

425 3554 465 3604 ins
476 3563 501 3604 <
511 3551 651 3602 iurandum
665 3551 859 3612 praestitere>
874 3550 956 3603 uatus
964 3550 1060 3601 Atilius
1072 3586 1159 3601 ......
1169 3551 1272 3602 issemet
1287 3552 1372 3614 ipsum
1381 3550 1491 3602 hostibus
1501 3552 1572 3602 inmi-

426 3635 465 3686 sit.
476 3662 506 3671 —
516 3633 628 3698 νοοαὸαι]
646 3632 721 3684 inter
734 3632 828 3682 inmisit
844 3635 872 3681 et
889 3629 996 3682 vorabat
1007 3648 1032 3696 p.
1043 3630 1141 3682 rimari
1154 3631 1207 3683 sibi
1225 3630 1303 3682 visus
1320 3635 1376 3682 est:
1390 3666 1497 3682 .......
1508 3631 1572 3680 aines

395 3718 398 3723 '
426 3731 451 3764 se
460 3749 530 3764 .....
548 3714 708 3764 intraverunt
723 3712 751 3762 in
760 3746 914 3761 ..........
928 3728 990 3773 quos
1005 3711 1145 3774 imperinm
1156 3710 1273 3774 poscebat
1288 3711 1415 3774 (poscebat
1431 3727 1480 3776 pro
1496 3728 1571 3763 aeca-
1594 3715 1596 3720 '

425 3793 486 3856 bat).
496 3795 584 3844 Bonn.
595 3791 777 3844 coniciuntin
788 3791 983 3844 adnotatione:
994 3792 1089 3855 imperi
1102 3793 1182 3842 socios
1191 3793 1402 3844 wnuocabant.—
1411 3794 1482 3844 iunci
1491 3829 1561 3844 .....
1562 3795 1570 3859 i

425 3875 515 3925 innatet
530 3875 610 3936 copiis
696 3875 788 3936 equites
811 3875 857 3938 Β.;
881 3874 967 3923 innota
991 3889 1088 3923 corona
1103 3909 1173 3924 .....
1200 3875 1291 3936 equites
1315 3891 1340 3939 p.
1365 3902 1396 3912 -
1420 3873 1570 3939 omittebmrt]
1625 3919 1628 3926 .

426 3956 625 4024 ominosam
640 3972 680 4006 eos
695 3971 721 4019 p.
734 3982 765 3993 -
776 3955 983 4020 Heerwagenus
994 3953 1023 4018 (l.
1034 3958 1081 4017 m.)
1092 3958 1186 4006 totum
1202 3955 1294 4006 locum
1306 3955 1346 4007 sic
1363 3955 1511 4006 restituere
1527 3972 1572 4006 co-

428 4041 514 4088 natus
530 4041 587 4087 est:
606 4033 687 4099 Saepe
703 4036 903 4100 comissatores
919 4035 994 4085 daces
1009 4035 1107 4097 niapnis
1122 4035 1215 4086 airinris
1236 4035 1328 4086 hostem
1343 4037 1475 4086 instantem
1500 4052 1573 4087 acer-

426 4118 491 4169 rime
506 4118 658 4177 senserant·
672 4123 745 4168 senret
760 4117 838 4166 etiarn
853 4117 907 4179 ipsi
921 4116 1079 4180 devovebant,
1096 4123 1123 4168 ut
1138 4118 1166 4167 e'n
1182 4117 1280 4167 cladem
1291 4117 1397 4168 hostium
1412 4123 1516 4168 verteret
1527 4135 1574 4166 sua

427 4215 495 4249 mors
509 4215 540 4247 aa
554 4199 583 4248 ni
595 4214 652 4247 eam
664 4197 781 4259 petebant
793 4197 889 4259 imperi
903 4197 970 4246 idem
985 4198 1025 4247 ius
1040 4197 1099 4248 rati.
1117 4195 1162 4248 Uti
1176 4197 1210 4248 P.
1226 4195 1321 4247 Decius
1335 4196 1394 4246 Mus
1410 4194 1502 4246 Latina
1513 4197 1575 4246 belia

428 4297 486 4330 cnm
501 4279 541 4329 dis
555 4295 579 4328 se
592 4278 707 4328 nranibus
723 4279 866 4339 deemnsset,
882 4295 972 4340 eanum
987 4279 1094 4328 hostibus
1109 4279 1211 4329 inmisit.
1228 4279 1381 4340 Accepimus
1391 4283 1417 4328 nt
1428 4278 1492 4327 cives
1502 4295 1574 4338 senes,

366 4353 368 4358 ’
428 4359 472 4410 nbi
489 4360 563 4412 catti
576 4360 662 4410 urban
677 4361 843 4420 intrauerunt,
854 4361 881 4409 in
896 4360 948 4408 sais
958 4359 1062 4409 aedibus
1076 4375 1101 4409 se
1112 4360 1264 4409 deaawrint.
1279 4358 1394 4409 Trecenti
1402 4374 1463 4408 aero
1477 4358 1537 4408 oiim
1547 4360 1575 4408 in

428 4439 520 4492 Sicilia
534 4440 647 4491 adierunt
662 4446 772 4502 mortem,
788 4457 849 4502 qnos
859 4441 996 4503 imperinm
1007 4440 1104 4490 tribuni
1114 4447 1262 4490 evocaverat
1273 4440 1309 4489 ad
1320 4439 1452 4489 consilinm
1468 4440 1495 4489 in
1509 4455 1575 4489 conr-

427 4539 500 4574 nsnne
515 4523 672 4585 capiendam.
694 4521 804 4574 Tribnno
819 4522 965 4573 adiunctran
976 4539 1081 4574 coronae
1095 4521 1170 4571 derna
1178 4523 1338 4584 praneineae:
1349 4522 1405 4584 aare
1414 4522 1499 4584 fuisset
1512 4522 1574 4584 plu-

425 4603 488 4656 rimi
502 4603 585 4656 dicere
600 4609 713 4655 ancwres
729 4602 861 4664 mittebant,
882 4603 1027 4656 Caedicium
1042 4602 1204 4654 nominabant
1222 4603 1278 4655 aiii.
1290 4609 1354 4654 -et
1366 4603 1474 4668 aunan]
1490 4619 1575 4653 nante·
