3658 5424
769 483 915 573 ·.·57-

270 615 356 681 VIII,
376 616 402 686 7,
422 617 470 672 19:
491 619 602 674 Romae
616 633 767 688 puprrasse
784 616 983 688 (elephantos)
1003 618 1164 672 Fenestella
1183 617 1274 672 tradit
1288 616 1421 687 primurn

271 707 404 763 omnium
425 708 456 763 in
475 707 557 772 circo,
579 706 699 765 Claudii
717 707 839 764 Pulchri
856 706 1002 762 aedilitate
1029 707 1132 774 cetrati,
1162 711 1206 762 M.
1234 707 1361 762 Antonio
1386 709 1420 762 A.

273 796 426 857 Postumio
444 813 514 854 coss.
533 813 612 852 anno
631 796 711 852 urbis
730 800 808 865 655;
826 797 892 852 item
911 799 978 867 post
989 813 1084 852 armos
1096 799 1157 852 XX
1168 799 1357 851 Lucullorum
1372 813 1422 850 ae·

272 885 385 942 dilitute
403 887 501 942 curuli
517 888 657 942 aduersus
675 890 784 943 tauros.
800 918 832 928 -
848 884 1000 960 Claudius]
1028 886 1057 940 0.
1077 885 1218 941 Claudius
1247 886 1376 940 Pulcher
1395 904 1421 940 a.

273 977 330 1031 655
349 975 505 1033 aedilitate
524 978 620 1032 curuli
640 977 761 1032 functus
781 983 842 1046 est;
863 977 899 1032 de
918 976 997 1033 ludis
1012 994 1085 1047 quos
1101 977 1130 1031 in
1143 978 1224 1030 circo
1239 977 1373 1031 instituit
1393 995 1421 1032 v.

279 1066 480 1124 Fenestellam
500 1066 578 1140 apud
599 1066 674 1123 Plin.
697 1066 713 1125 l.
733 1085 771 1123 m.

329 1157 363 1212 B.
389 1157 574 1214 Volaterrani
594 1189 628 1201 -
650 1156 848 1232 conciderunt]
875 1158 953 1212 Mira
972 1156 1156 1212 obscuritate
1177 1163 1208 1212 et
1231 1157 1424 1229 neglegentia

276 1247 350 1302 baec
369 1249 470 1302 omnia
488 1247 569 1304 dictu
582 1253 654 1304 sunt
666 1267 684 1303 a
696 1248 853 1302 Liciniano
872 1249 930 1318 qui,
950 1249 1014 1302 sive
1034 1247 1197 1302 brevitatis
1216 1247 1294 1302 male
1314 1247 1423 1302 studio·

275 1354 335 1404 sue,
356 1337 420 1392 sive
440 1338 518 1393 male
540 1339 720 1410 intellegens
738 1331 892 1392 auctorem
913 1355 949 1392 ex
969 1355 1027 1408 quo
1041 1337 1227 1408 excerpebat,
1241 1337 1277 1391 de
1293 1337 1423 1391 Volater-

275 1428 358 1482 ranis
377 1427 455 1482 hanc
475 1429 575 1482 nescio
594 1429 690 1499 magis
702 1427 808 1482 falsam
824 1445 862 1482 an
877 1427 1046 1498 ambiguam
1061 1428 1264 1481 narrationem
1279 1426 1424 1480 exhibuit.

275 1515 348 1570 (lum
358 1516 550 1572 Volaterrani
562 1515 767 1572 Marianarum
779 1523 880 1575 essent
891 1518 1030 1588 partium,
1042 1516 1222 1571 nullomodo
1233 1518 1423 1588 eispraeesse

274 1610 394 1678 poterat
413 1605 475 1661 dux
493 1624 511 1660 a
530 1605 612 1662 Sulla
632 1608 829 1681 praepositus.
850 1606 950 1677 igitur
970 1612 1032 1671 aut,
1054 1612 1091 1660 ut
1109 1606 1276 1661 arbitratur
1301 1605 1424 1660 Madvi-

275 1697 343 1766 gius
362 1695 401 1766 (ο.
420 1714 458 1751 m.
480 1713 507 1767 p.
526 1696 600 1769 401),
620 1704 682 1751 tam
701 1697 822 1767 ineptus
842 1702 872 1751 et
894 1695 1005 1751 bardus
1024 1696 1082 1750 fuit
1101 1698 1239 1768 scriptor,
1255 1701 1289 1749 ut
1308 1713 1345 1749 ex
1364 1695 1425 1749 Ma·

274 1786 359 1840 riano
378 1785 454 1841 duce
475 1785 632 1841 Sullanum
650 1787 772 1855 faceret,
793 1792 857 1852 aut,
877 1787 902 1842 si
922 1785 1043 1858 quidem
1062 1785 1092 1840 id
1112 1785 1190 1857 quod
1210 1785 1356 1841 scriberet
1377 1787 1424 1839 in-

274 1874 401 1944 tellexit,
421 1882 483 1930 tam
505 1875 585 1931 male
603 1878 739 1948 scripsit,
758 1882 793 1930 ut
812 1878 876 1931 eius
898 1875 988 1931 verba
1007 1875 1136 1931 diversis
1156 1875 1251 1930 modis
1271 1877 1422 1946 interpre-

276 1965 335 2019 tari
365 1967 522 2037 possimus.
548 1965 627 2033 Nos,
660 1984 692 2022 re
711 1965 875 2037 diligenter
897 1964 1095 2029 considerata,
1125 1983 1192 2019 cum
1221 1965 1425 2020 Dieckmanno

275 2055 313 2124 (p.
323 2054 372 2126 82)
391 2056 599 2111 existimamus
618 2057 731 2110 rectius
750 2073 839 2125 qnam
859 2053 1078 2109 Franckenium
1093 2054 1123 2123 (l.
1138 2072 1176 2108 m.
1189 2073 1215 2125 p.
1229 2054 1295 2125 253)
1308 2059 1338 2108 et
1353 2054 1430 2107 Lan·

275 2144 438 2216 giumffll,
457 2163 486 2218 p.
506 2146 559 2200 160
577 2151 607 2200 et
626 2145 719 2217 seqq.)
733 2146 832 2200 facere
847 2145 1065 2199 Mommsenum
1084 2143 1136 2214 (II,
1157 2163 1183 2215 p.
1204 2145 1276 2214 361),
1297 2146 1346 2215 qui
1371 2145 1427 2214 pri·

278 2251 360 2288 11111111
380 2237 569 2290 enuntiatum
590 2237 634 2290 ita
650 2235 818 2306 intellegat,
838 2240 872 2289 ut
892 2233 1057 2288 Carbonem
1078 2233 1232 2288 Sullanum
1252 2233 1357 2288 ducem
1377 2234 1427 2303 qui

277 2321 425 2380 obsidioni
445 2329 600 2396 praeesset
619 2326 718 2380 asnis
738 2324 885 2379 militibus
907 2324 1057 2396 lapidibus
1070 2327 1199 2381 occisum
1220 2341 1285 2380 esse
1306 2329 1427 2377 censeat

275 2411 376 2482 (quam
395 2416 580 2470 sententiam
595 2413 755 2469 confirmat
768 2413 832 2468 Val.
845 2413 995 2470 Maximus
1009 2413 1063 2483 IX,
1076 2415 1100 2482 l,
1115 2415 1152 2486 3),
1174 2415 1310 2486 proxima
1324 2418 1425 2465 autem

276 2501 368 2556 verba
387 2503 535 2559 Liciniani
553 2503 605 2559 «is
626 2535 659 2546 -
677 2503 857 2574 proscriptos
876 2535 909 2545 -
929 2503 1081 2560 dimiserat
1096 2522 1111 2558 1
1129 2503 1307 2557 Strabonem
1327 2501 1372 2573 (V,
1385 2500 1427 2571 2),

277 2593 322 2646 uti
337 2591 467 2662 videtur,
481 2599 611 2662 secutus,
626 2595 774 2666 explicet:
792 2596 885 2652 Carbo
898 2611 935 2650 coc
944 2598 1033 2666 pacto
1048 2611 1093 2650 eos
1105 2593 1259 2650 inviolatos
1272 2591 1351 2648 ubire
1362 2608 1426 2662 pus·

276 2698 328 2737 sus
346 2687 426 2738 erat:
445 2701 478 2739 eu
497 2684 562 2756 ipsa
581 2686 617 2740 de
636 2701 727 2740 causa
738 2683 852 2740 'milites
870 2685 1037 2740 occiderunt
1054 2684 1257 2755 imperatorem
1277 2680 1366 2737 nimis
1378 2681 1427 2735 in-

276 2774 447 2844 dulgentem.
460 2806 491 2815 -
504 2776 633 2832 Carbone
644 2773 799 2848 praetorio]
810 2773 873 2829 Vel.
885 2773 964 2829 Max.
975 2775 1006 2847 (l.
1020 2775 1081 2844 m.):
1093 2776 1143 2830 llte
1157 2789 1270 2844 quoque
1282 2772 1426 2827 accercitus

276 2863 392 2931 nefarie
411 2863 551 2919 violentus
569 2864 733 2936 (exercitus
753 2864 874 2935 Sullae),
894 2864 948 2935 qui
962 2866 992 2922 C.
1005 2866 1164 2922 Carbonem
1183 2863 1428 2932 [1013111οα150-

275 2951 323 3006 nis
341 2955 383 3006 ter
400 2954 526 3009 comulas
543 2957 663 3024 propter
675 2957 746 3010 belia
759 2953 857 3010 cicilia
876 2953 1048 3009 dissolutum
1060 2953 1251 3023 disciplinam
1270 2951 1428 3007 militarem

271 3041 473 3112 praefractius
491 3045 518 3098 el
535 3043 661 3114 ripidius
680 3043 843 3115 astringere
861 3048 1008 3109 conatum,
1028 3043 1158 3115 privavit
1176 3042 1237 3096 vita
1246 3059 1258 3110 ,·
1276 3041 1430 3110 satiusque

277 3130 366 3186 duxit
383 3131 514 3187 monimo
532 3135 633 3187 scelere
651 3132 840 3202 coinquinari
857 3150 947 3204 quum
964 3149 1072 3203 pravos
1092 3149 1126 3186 ao
1146 3133 1232 3186 tetros
1251 3147 1342 3185 mores
1362 3148 1428 3183 aru-

279 3224 347 3275 larc.
363 3251 396 3261 -
413 3223 464 3278 Cn.
480 3219 630 3294 Carbonis]
644 3223 662 3277 i.
683 3239 706 3276 e.
726 3221 778 3276 On.
793 3221 905 3292 Papirii
920 3222 1065 3277 Carbonis
1079 3239 1159 3276 cons.
1174 3239 1199 3274 a.
1213 3220 1273 3287 609,
1290 3218 1349 3285 670,
1364 3220 1425 3272 672.

278 3341 313 3352 -
328 3311 502 3367 Consulibus
523 3312 646 3368 Claudio
660 3315 686 3366 et
698 3310 829 3385 Servilio]
843 3313 958 3383 Appius
977 3310 1118 3366 Claudius
1132 3310 1259 3364 Pulcher
1275 3316 1304 3363 et
1319 3309 1349 3362 P.
1360 3308 1424 3363 Ser·

279 3401 369 3455 vilius
388 3401 477 3456 Vatia
496 3419 575 3455 anno
594 3419 621 3454 u.
642 3400 694 3454 675
714 3401 852 3458 consules
871 3401 1003 3455 fuerunt.
1017 3401 1125 3456 -iam
1144 3404 1212 3455 anie
1234 3431 1267 3441 -
1285 3397 1424 3471 fecerant]

278 3492 297 3544 i.
316 3508 341 3546 e.
359 3507 389 3546 se
406 3491 587 3546 dediderant.
607 3491 707 3545 Etiam
733 3509 769 3546 ex
791 3508 853 3562 per.
873 3492 938 3545 Liv.
966 3492 1002 3545 89
1030 3490 1136 3545 Nolam
1160 3508 1218 3544 non
1239 3489 1333 3542 multo
1353 3494 1423 3542 anti

279 3597 368 3653 quam
389 3581 561 3637 Volaterras
581 3599 613 3636 se
632 3580 749 3636 dedisse
768 3587 900 3654 apparet.
916 3614 948 3623 —
973 3581 1090 3652 Papius
1109 3578 1245 3652 Mutilus]
1264 3579 1293 3633 0.
1315 3579 1424 3648 Papius

278 3669 405 3725 Mutilus
424 3670 569 3724 Italorum
590 3669 650 3724 dux
670 3671 935 3741 praeclarissimus,
949 3673 1000 3740 qui
1014 3687 1092 3724 anno
1106 3669 1159 3722 661
1172 3669 1209 3722 ab
1223 3669 1310 3722 Italis
1330 3667 1424 3721 foede·

279 3761 355 3814 retis
374 3759 477 3814 consul
497 3765 616 3814 creatus
635 3765 682 3814 est
701 3759 1126 3832 (suppeditasset).
1147 3758 1258 3812 Exitus
1290 3758 1353 3810 eius
1374 3759 1423 3810 mi-

280 3850 426 3908 serrimus
453 3849 515 3904 fere
531 3849 642 3904 eisdem
657 3849 756 3904 verbis
770 3856 911 3904 narratur
926 3849 1003 3920 apud
1024 3848 1090 3903 Liv.
1104 3849 1176 3918 (per.
1189 3847 1243 3918 89),
1258 3846 1306 3900 ubi
1322 3852 1422 3898 tamon

280 3938 378 4010 oppidi
398 3938 489 3992 Teani
508 3956 616 3993 nomen
635 3937 728 3993 deest.
748 3938 791 3992 De
810 3938 885 3992 Osco
904 3939 1081 4008 cognomine
1099 3937 1274 3992 «Mutilus»
1300 3937 1423 4004 eiusque

279 4029 456 4098 cognatione
470 4044 537 4082 cum
550 4025 686 4081 Romano
706 4029 864 4082 «Metellus
878 4048 889 4075 1
907 4043 935 4079 v.
950 4024 1104 4080 Merimie:
1115 4025 1205 4080 lissei
1212 4042 1265 4078 sur
1277 4027 1307 4078 la
1317 4039 1423 4093 pererro

278 4117 382 4172 sociale
392 4135 417 4187 p.
427 4117 463 4170 83
482 4115 549 4170 adn.
561 4115 574 4169 I
585 4116 694 4188 (Paris,
710 4114 833 4172 Calman
853 4115 938 4186 Levy
960 4115 1048 4184 1876).
1062 4146 1095 4154 -
1110 4117 1191 4168 Data
1209 4116 1271 4167 erut
1284 4117 1310 4167 el
1323 4115 1424 4170 Stellae

281 4237 313 4248 -
330 4206 428 4262 Gallia
449 4204 611 4278 cealplna]
630 4223 658 4260 v.
677 4205 797 4260 Momm.
818 4223 844 4259 0.
864 4223 902 4258 m.
922 4203 961 4273 ΙΙ,
977 4222 1003 4275 p.
1023 4203 1084 4271 355,
1105 4202 1172 4258 adn.

706 4443 1011 4487 w·-
