<?xml version="1.0" encoding="UTF-8"?>
<!DOCTYPE html PUBLIC "-//W3C//DTD XHTML 1.0 Transitional//EN"
    "http://www.w3.org/TR/xhtml1/DTD/xhtml1-transitional.dtd">
<html xmlns="http://www.w3.org/1999/xhtml" xml:lang="en" lang="en">
 <head>
  <title>
</title>
<meta http-equiv="Content-Type" content="text/html;charset=utf-8" />
  <meta name='ocr-system' content='tesseract 3.04.00' />
  <meta name='ocr-capabilities' content='ocr_page ocr_carea ocr_par ocr_line ocrx_word'/>
</head>
<body>
  <div class='ocr_page' id='page_1' title='image "./quaesupersunt00licigoog_0081.png"; bbox 0 0 3658 5424; ppageno 0'>
   <div class='ocr_carea' id='block_1_1' title="bbox 902 487 1064 544">
    <p class='ocr_par' dir='ltr' id='par_1_1' title="bbox 902 487 1064 544">
     <span class='ocr_line' id='line_1_1' title="bbox 902 487 1064 544; baseline 0.012 -16"><span class='ocrx_word' id='word_1_1' title='bbox 902 487 1064 544; x_wconf 79' lang='grc'><strong>-64-</strong></span> 
     </span>
    </p>
   </div>
   <div class='ocr_carea' id='block_1_2' title="bbox 408 610 1563 1085">
    <p class='ocr_par' dir='ltr' id='par_1_2' title="bbox 408 610 1563 1085">
     <span class='ocr_line' id='line_1_2' title="bbox 408 610 1563 680; baseline -0.003 -11"><span class='ocrx_word' id='word_1_2' title='bbox 408 624 497 669; x_wconf 78' lang='lat' dir='ltr'><strong><em>uerunt</em></strong></span> <span class='ocrx_word' id='word_1_3' title='bbox 513 635 623 680; x_wconf 78' lang='lat' dir='ltr'><strong><em>icuqrrum</em></strong></span> <span class='ocrx_word' id='word_1_4' title='bbox 636 635 649 665; x_wconf 82' lang='lat' dir='ltr'><strong><em>u</em></strong></span> <span class='ocrx_word' id='word_1_5' title='bbox 666 619 701 672; x_wconf 90' lang='lat' dir='ltr'><strong><em>(v.</em></strong></span> <span class='ocrx_word' id='word_1_6' title='bbox 717 616 774 677; x_wconf 85' lang='grc'><strong>3-6)</strong></span> <span class='ocrx_word' id='word_1_7' title='bbox 791 617 867 666; x_wconf 63' lang='lat' dir='ltr'><strong><em>cmm</em></strong></span> <span class='ocrx_word' id='word_1_8' title='bbox 883 615 942 666; x_wconf 84' lang='lat' dir='ltr'><strong><em>urbi</em></strong></span> <span class='ocrx_word' id='word_1_9' title='bbox 957 632 1013 665; x_wconf 81' lang='lat' dir='ltr'><strong><em>curu</em></strong></span> <span class='ocrx_word' id='word_1_10' title='bbox 1037 615 1122 665; x_wconf 82' lang='lat' dir='ltr'><strong><em>edesse</em></strong></span> <span class='ocrx_word' id='word_1_11' title='bbox 1132 650 1217 666; x_wconf 91' lang='grc'>......</span> <span class='ocrx_word' id='word_1_12' title='bbox 1228 614 1276 664; x_wconf 85' lang='lat' dir='ltr'><strong><em>dur</em></strong></span> <span class='ocrx_word' id='word_1_13' title='bbox 1294 613 1398 676; x_wconf 77' lang='lat' dir='ltr'><strong><em>(adesset</em></strong></span> <span class='ocrx_word' id='word_1_14' title='bbox 1416 610 1529 678; x_wconf 76' lang='lat' dir='ltr'><strong><em>Lepidus</em></strong></span> <span class='ocrx_word' id='word_1_15' title='bbox 1537 615 1563 676; x_wconf 73' lang='lat' dir='ltr'><strong><em>i)</em></strong></span> 
     </span>
     <span class='ocr_line' id='line_1_3' title="bbox 409 693 1559 760; baseline -0.003 -12"><span class='ocrx_word' id='word_1_16' title='bbox 409 699 597 760; x_wconf 68' lang='lat' dir='ltr'><strong><em>tepotumsuum</em></strong></span> <span class='ocrx_word' id='word_1_17' title='bbox 611 714 672 759; x_wconf 83' lang='lat' dir='ltr'><strong><em>pra.</em></strong></span> <span class='ocrx_word' id='word_1_18' title='bbox 683 697 764 746; x_wconf 80' lang='lat' dir='ltr'><strong><em>mise»</em></strong></span> <span class='ocrx_word' id='word_1_19' title='bbox 774 732 780 746; x_wconf 94' lang='lat'><strong><em>.</em></strong></span> <span class='ocrx_word' id='word_1_20' title='bbox 792 733 797 745; x_wconf 93' lang='lat'><strong><em>.</em></strong></span> <span class='ocrx_word' id='word_1_21' title='bbox 808 732 829 746; x_wconf 93' lang='lat'><strong><em>..</em></strong></span> <span class='ocrx_word' id='word_1_22' title='bbox 843 731 864 745; x_wconf 93' lang='lat'><strong><em>..</em></strong></span> <span class='ocrx_word' id='word_1_23' title='bbox 880 695 1000 758; x_wconf 66' lang='lat' dir='ltr'><strong><em>(tremum</em></strong></span> <span class='ocrx_word' id='word_1_24' title='bbox 1015 712 1088 745; x_wconf 78' lang='lat' dir='ltr'><strong><em>suum</em></strong></span> <span class='ocrx_word' id='word_1_25' title='bbox 1101 695 1269 756; x_wconf 72' lang='lat' dir='ltr'><strong><em>praebuissem</em></strong></span> <span class='ocrx_word' id='word_1_26' title='bbox 1277 695 1309 756; x_wconf 79' lang='lat' dir='ltr'><strong><em>t).</em></strong></span> <span class='ocrx_word' id='word_1_27' title='bbox 1323 721 1353 731; x_wconf 91' lang='lat'>—</span> <span class='ocrx_word' id='word_1_28' title='bbox 1371 709 1433 742; x_wconf 83' lang='lat' dir='ltr'><strong><em>nom</em></strong></span> <span class='ocrx_word' id='word_1_29' title='bbox 1446 697 1511 745; x_wconf 85' lang='lat' dir='ltr'><strong><em>crotl</em></strong></span> <span class='ocrx_word' id='word_1_30' title='bbox 1529 693 1559 744; x_wconf 89' lang='lat' dir='ltr'><strong><em>in</em></strong></span> 
     </span>
     <span class='ocr_line' id='line_1_4' title="bbox 409 771 1560 839; baseline -0.006 -10"><span class='ocrx_word' id='word_1_31' title='bbox 409 785 534 830; x_wconf 80' lang='lat' dir='ltr'><strong><em>extremo</em></strong></span> <span class='ocrx_word' id='word_1_32' title='bbox 552 793 635 828; x_wconf 90' lang='lat' dir='ltr'><strong><em>versu</em></strong></span> <span class='ocrx_word' id='word_1_33' title='bbox 653 776 809 827; x_wconf 91' lang='lat' dir='ltr'><strong><em>undecimo.</em></strong></span> <span class='ocrx_word' id='word_1_34' title='bbox 820 775 1020 827; x_wconf 82' lang='lat' dir='ltr'><strong><em>-turbuleutusl</em></strong></span> <span class='ocrx_word' id='word_1_35' title='bbox 1037 776 1083 839; x_wconf 83' lang='lat' dir='ltr'><strong><em>B.;</em></strong></span> <span class='ocrx_word' id='word_1_36' title='bbox 1100 775 1176 826; x_wconf 87' lang='lat' dir='ltr'>IUN1</span> <span class='ocrx_word' id='word_1_37' title='bbox 1186 773 1333 825; x_wconf 81' lang='lat' dir='ltr'>UerTUS</span> <span class='ocrx_word' id='word_1_38' title='bbox 1349 771 1451 826; x_wconf 66' lang='lat' dir='ltr'><strong><em>oodu-</em></strong></span> <span class='ocrx_word' id='word_1_39' title='bbox 1459 773 1560 836; x_wconf 80' lang='lat' dir='ltr'><strong><em>iuquie-</em></strong></span> 
     </span>
     <span class='ocr_line' id='line_1_5' title="bbox 409 853 1560 923; baseline -0.003 -14"><span class='ocrx_word' id='word_1_40' title='bbox 409 867 446 909; x_wconf 82' lang='lat' dir='ltr'><strong><em>lus</em></strong></span> <span class='ocrx_word' id='word_1_41' title='bbox 464 876 488 923; x_wconf 88' lang='lat' dir='ltr'><strong><em>p.</em></strong></span> <span class='ocrx_word' id='word_1_42' title='bbox 500 885 531 897; x_wconf 91' lang='lat'>-</span> <span class='ocrx_word' id='word_1_43' title='bbox 542 894 547 907; x_wconf 92' lang='lat'><strong><em>.</em></strong></span> <span class='ocrx_word' id='word_1_44' title='bbox 638 861 653 910; x_wconf 93' lang='grc'><strong><em>.]</em></strong></span> <span class='ocrx_word' id='word_1_45' title='bbox 671 857 875 908; x_wconf 84' lang='lat' dir='ltr'><strong><em>vers.13-15.-</em></strong></span> <span class='ocrx_word' id='word_1_46' title='bbox 887 856 1069 918; x_wconf 77' lang='lat' dir='ltr'><strong><em>pecuniamque</em></strong></span> <span class='ocrx_word' id='word_1_47' title='bbox 1085 857 1111 904; x_wconf 84' lang='lat' dir='ltr'><strong><em>ia</em></strong></span> <span class='ocrx_word' id='word_1_48' title='bbox 1127 855 1267 904; x_wconf 82' lang='lat' dir='ltr'><strong><em>aerarium}</em></strong></span> <span class='ocrx_word' id='word_1_49' title='bbox 1285 855 1315 904; x_wconf 93' lang='lat' dir='ltr'><strong><em>B.</em></strong></span> <span class='ocrx_word' id='word_1_50' title='bbox 1331 853 1413 907; x_wconf 76' lang='lat' dir='ltr'><strong><em>(vers.</em></strong></span> <span class='ocrx_word' id='word_1_51' title='bbox 1431 855 1479 915; x_wconf 88' lang='lat'>16).</span> <span class='ocrx_word' id='word_1_52' title='bbox 1490 883 1521 892; x_wconf 96' lang='lat'>-</span> <span class='ocrx_word' id='word_1_53' title='bbox 1535 890 1540 903; x_wconf 92' lang='lat'><strong><em>.</em></strong></span> <span class='ocrx_word' id='word_1_54' title='bbox 1554 891 1560 905; x_wconf 93' lang='lat'><strong><em>.</em></strong></span> 
     </span>
     <span class='ocr_line' id='line_1_6' title="bbox 410 935 1560 1000; baseline -0.003 -11"><span class='ocrx_word' id='word_1_55' title='bbox 410 976 462 989; x_wconf 88' lang='lat'><strong><em>....</em></strong></span> <span class='ocrx_word' id='word_1_56' title='bbox 474 943 513 993; x_wconf 83' lang='lat'><strong><em>..1</em></strong></span> <span class='ocrx_word' id='word_1_57' title='bbox 531 955 601 989; x_wconf 84' lang='lat' dir='ltr'><strong><em>vers.</em></strong></span> <span class='ocrx_word' id='word_1_58' title='bbox 621 938 703 1000; x_wconf 78' lang='lat'><strong><em>17-24,</em></strong></span> <span class='ocrx_word' id='word_1_59' title='bbox 721 937 771 987; x_wconf 93' lang='lat' dir='ltr'><strong><em>ubi</em></strong></span> <span class='ocrx_word' id='word_1_60' title='bbox 788 937 856 988; x_wconf 86' lang='lat' dir='ltr'><strong><em>haee</em></strong></span> <span class='ocrx_word' id='word_1_61' title='bbox 873 941 988 986; x_wconf 85' lang='lat' dir='ltr'><strong><em>tantum</em></strong></span> <span class='ocrx_word' id='word_1_62' title='bbox 1000 936 1152 1000; x_wconf 83' lang='lat' dir='ltr'><strong><em>leguntur:</em></strong></span> <span class='ocrx_word' id='word_1_63' title='bbox 1168 935 1310 985; x_wconf 69' lang='lat' dir='ltr'><strong><em>sacerdotes</em></strong></span> <span class='ocrx_word' id='word_1_64' title='bbox 1325 941 1365 997; x_wconf 88' lang='lat' dir='ltr'><strong><em>(v.</em></strong></span> <span class='ocrx_word' id='word_1_65' title='bbox 1382 935 1429 998; x_wconf 82' lang='lat'><strong><em>17),</em></strong></span> <span class='ocrx_word' id='word_1_66' title='bbox 1442 942 1468 985; x_wconf 81' lang='lat' dir='ltr'><strong><em>ut</em></strong></span> <span class='ocrx_word' id='word_1_67' title='bbox 1488 942 1560 986; x_wconf 82' lang='lat' dir='ltr'><strong><em>ratus</em></strong></span> 
     </span>
     <span class='ocr_line' id='line_1_7' title="bbox 408 1016 1192 1085; baseline -0.008 -15"><span class='ocrx_word' id='word_1_68' title='bbox 408 1038 421 1070; x_wconf 92' lang='lat' dir='ltr'><strong><em>e</em></strong></span> <span class='ocrx_word' id='word_1_69' title='bbox 438 1025 475 1085; x_wconf 85' lang='lat' dir='ltr'><strong><em>(ut</em></strong></span> <span class='ocrx_word' id='word_1_70' title='bbox 490 1026 562 1070; x_wconf 84' lang='lat' dir='ltr'><strong><em>retus</em></strong></span> <span class='ocrx_word' id='word_1_71' title='bbox 577 1021 643 1081; x_wconf 67' lang='lat' dir='ltr'><strong><em>esti)</em></strong></span> <span class='ocrx_word' id='word_1_72' title='bbox 659 1024 697 1081; x_wconf 87' lang='lat' dir='ltr'><strong><em>(v.</em></strong></span> <span class='ocrx_word' id='word_1_73' title='bbox 715 1020 762 1081; x_wconf 84' lang='lat'><strong><em>18),</em></strong></span> <span class='ocrx_word' id='word_1_74' title='bbox 780 1019 927 1080; x_wconf 76' lang='lat' dir='ltr'><strong><em>dipuitotem</em></strong></span> <span class='ocrx_word' id='word_1_75' title='bbox 944 1019 1034 1067; x_wconf 86' lang='lat' dir='ltr'><strong><em>iterum</em></strong></span> <span class='ocrx_word' id='word_1_76' title='bbox 1050 1021 1088 1079; x_wconf 90' lang='lat' dir='ltr'><strong><em>(v.</em></strong></span> <span class='ocrx_word' id='word_1_77' title='bbox 1101 1016 1149 1079; x_wconf 83' lang='lat'><strong><em>19).</em></strong></span> <span class='ocrx_word' id='word_1_78' title='bbox 1161 1045 1192 1054; x_wconf 89' lang='lat'>-</span> 
     </span>
    </p>
   </div>
   <div class='ocr_carea' id='block_1_3' title="bbox 353 1317 1581 3714">
    <p class='ocr_par' dir='ltr' id='par_1_3' title="bbox 411 1317 1559 2818">
     <span class='ocr_line' id='line_1_8' title="bbox 466 1317 1557 1392; baseline -0.002 -17"><span class='ocrx_word' id='word_1_79' title='bbox 466 1322 500 1374; x_wconf 92' lang='lat' dir='ltr'><strong><em>A.</em></strong></span> <span class='ocrx_word' id='word_1_80' title='bbox 521 1317 689 1392; x_wconf 78' lang='lat' dir='ltr'><strong><em>rescindere]</em></strong></span> <span class='ocrx_word' id='word_1_81' title='bbox 708 1319 744 1373; x_wconf 91' lang='lat' dir='ltr'><strong><em>cf.</em></strong></span> <span class='ocrx_word' id='word_1_82' title='bbox 764 1319 829 1373; x_wconf 87' lang='lat' dir='ltr'><strong><em>Liv.</em></strong></span> <span class='ocrx_word' id='word_1_83' title='bbox 848 1334 908 1388; x_wconf 84' lang='lat' dir='ltr'><strong><em>per.</em></strong></span> <span class='ocrx_word' id='word_1_84' title='bbox 928 1318 980 1372; x_wconf 85' lang='lat'><strong><em>90:</em></strong></span> <span class='ocrx_word' id='word_1_85' title='bbox 1000 1320 1042 1373; x_wconf 91' lang='lat' dir='ltr'><strong><em>M.</em></strong></span> <span class='ocrx_word' id='word_1_86' title='bbox 1063 1317 1194 1388; x_wconf 75' lang='lat' dir='ltr'><strong><em>Lepidus</em></strong></span> <span class='ocrx_word' id='word_1_87' title='bbox 1213 1334 1277 1373; x_wconf 89' lang='lat' dir='ltr'><strong><em>cum</em></strong></span> <span class='ocrx_word' id='word_1_88' title='bbox 1292 1321 1360 1373; x_wconf 86' lang='lat' dir='ltr'><strong><em>actu</em></strong></span> <span class='ocrx_word' id='word_1_89' title='bbox 1377 1318 1480 1377; x_wconf 77' lang='lat' dir='ltr'><strong><em>Sullae</em></strong></span> <span class='ocrx_word' id='word_1_90' title='bbox 1494 1321 1557 1374; x_wconf 84' lang='lat' dir='ltr'><strong><em>teru-</em></strong></span> 
     </span>
     <span class='ocr_line' id='line_1_9' title="bbox 411 1405 1559 1480; baseline -0.003 -16"><span class='ocrx_word' id='word_1_91' title='bbox 411 1411 506 1480; x_wconf 87' lang='lat' dir='ltr'><strong><em>pioret</em></strong></span> <span class='ocrx_word' id='word_1_92' title='bbox 523 1408 692 1463; x_wconf 68' lang='lat' dir='ltr'><strong><em>rescindere.</em></strong></span> <span class='ocrx_word' id='word_1_93' title='bbox 713 1437 746 1448; x_wconf 91' lang='lat'>-</span> <span class='ocrx_word' id='word_1_94' title='bbox 762 1405 919 1480; x_wconf 77' lang='lat' dir='ltr'><strong><em>restituere]</em></strong></span> <span class='ocrx_word' id='word_1_95' title='bbox 938 1405 974 1459; x_wconf 88' lang='lat' dir='ltr'><strong><em>cf.</em></strong></span> <span class='ocrx_word' id='word_1_96' title='bbox 995 1406 1068 1477; x_wconf 87' lang='lat' dir='ltr'>App.</span> <span class='ocrx_word' id='word_1_97' title='bbox 1082 1407 1127 1477; x_wconf 89' lang='lat' dir='ltr'><strong><em>(B.</em></strong></span> <span class='ocrx_word' id='word_1_98' title='bbox 1144 1408 1173 1462; x_wconf 81' lang='lat'><strong><em>0.</em></strong></span> <span class='ocrx_word' id='word_1_99' title='bbox 1189 1405 1212 1472; x_wconf 90' lang='lat' dir='ltr'><strong><em>I,</em></strong></span> <span class='ocrx_word' id='word_1_100' title='bbox 1229 1407 1291 1477; x_wconf 80' lang='lat'>107)</span> <span class='ocrx_word' id='word_1_101' title='bbox 1303 1406 1414 1469; x_wconf 76' lang='grc' dir='ltr'>Λέπιδος</span> <span class='ocrx_word' id='word_1_102' title='bbox 1436 1408 1480 1460; x_wconf 76' lang='grc' dir='ltr'><strong><em>καὶ</em></strong></span> <span class='ocrx_word' id='word_1_103' title='bbox 1499 1410 1559 1471; x_wconf 73' lang='grc' dir='ltr'><strong>τοὺς</strong></span> 
     </span>
     <span class='ocr_line' id='line_1_10' title="bbox 412 1493 1559 1569; baseline 0 -19"><span class='ocrx_word' id='word_1_104' title='bbox 412 1497 555 1559; x_wconf 76' lang='grc' dir='ltr'>Ἰταλικοὺς</span> <span class='ocrx_word' id='word_1_105' title='bbox 575 1497 789 1568; x_wconf 73' lang='grc' dir='ltr'>προσποιούμενος</span> <span class='ocrx_word' id='word_1_106' title='bbox 807 1495 894 1566; x_wconf 70' lang='grc' dir='ltr'><strong>ἔλεγεν</strong></span> <span class='ocrx_word' id='word_1_107' title='bbox 914 1495 954 1547; x_wconf 78' lang='grc' dir='ltr'><strong><em>ὅτι</em></strong></span> <span class='ocrx_word' id='word_1_108' title='bbox 971 1499 1018 1566; x_wconf 78' lang='grc' dir='ltr'><strong><em>τὴν</em></strong></span> <span class='ocrx_word' id='word_1_109' title='bbox 1037 1504 1089 1568; x_wconf 71' lang='grc' dir='ltr'><strong><em>γῆν</em></strong></span> <span class='ocrx_word' id='word_1_110' title='bbox 1109 1494 1204 1560; x_wconf 84' lang='grc' dir='ltr'><strong>αὐτοῖς,</strong></span> <span class='ocrx_word' id='word_1_111' title='bbox 1227 1495 1260 1568; x_wconf 81' lang='grc' dir='ltr'><strong><em>ἣν</em></strong></span> <span class='ocrx_word' id='word_1_112' title='bbox 1282 1497 1295 1549; x_wconf 82' lang='grc' dir='ltr'>ὁ</span> <span class='ocrx_word' id='word_1_113' title='bbox 1315 1493 1416 1558; x_wconf 79' lang='grc' dir='ltr'><strong>Σύλλας</strong></span> <span class='ocrx_word' id='word_1_114' title='bbox 1434 1496 1559 1569; x_wconf 75' lang='grc' dir='ltr'><strong>ἀφῄρετο,</strong></span> 
     </span>
     <span class='ocr_line' id='line_1_11' title="bbox 413 1583 1558 1656; baseline -0.002 -15"><span class='ocrx_word' id='word_1_115' title='bbox 413 1587 550 1642; x_wconf 70' lang='grc' dir='ltr'>ἀποδώσει.</span> <span class='ocrx_word' id='word_1_116' title='bbox 570 1585 651 1638; x_wconf 88' lang='lat' dir='ltr'><strong><em>Sulla</em></strong></span> <span class='ocrx_word' id='word_1_117' title='bbox 664 1585 742 1638; x_wconf 91' lang='lat' dir='ltr'><strong><em>enim</em></strong></span> <span class='ocrx_word' id='word_1_118' title='bbox 759 1585 867 1656; x_wconf 89' lang='lat' dir='ltr'><strong><em>viginti</em></strong></span> <span class='ocrx_word' id='word_1_119' title='bbox 882 1590 996 1655; x_wconf 83' lang='lat' dir='ltr'><strong><em>septem</em></strong></span> <span class='ocrx_word' id='word_1_120' title='bbox 1013 1583 1147 1655; x_wconf 84' lang='lat' dir='ltr'><strong><em>legiones</em></strong></span> <span class='ocrx_word' id='word_1_121' title='bbox 1170 1585 1199 1638; x_wconf 89' lang='lat' dir='ltr'><strong><em>in</em></strong></span> <span class='ocrx_word' id='word_1_122' title='bbox 1223 1601 1312 1655; x_wconf 86' lang='lat' dir='ltr'><strong><em>agros</em></strong></span> <span class='ocrx_word' id='word_1_123' title='bbox 1338 1590 1441 1656; x_wconf 86' lang='lat' dir='ltr'><strong><em>captos</em></strong></span> <span class='ocrx_word' id='word_1_124' title='bbox 1465 1583 1558 1640; x_wconf 90' lang='lat' dir='ltr'><strong><em>dedu-</em></strong></span> 
     </span>
     <span class='ocr_line' id='line_1_12' title="bbox 413 1673 1557 1746; baseline -0.001 -16"><span class='ocrx_word' id='word_1_125' title='bbox 413 1682 499 1730; x_wconf 83' lang='lat' dir='ltr'><strong><em>xerat</em></strong></span> <span class='ocrx_word' id='word_1_126' title='bbox 519 1681 549 1729; x_wconf 91' lang='lat' dir='ltr'><strong><em>et</em></strong></span> <span class='ocrx_word' id='word_1_127' title='bbox 569 1691 619 1728; x_wconf 90' lang='lat' dir='ltr'><strong><em>eos</em></strong></span> <span class='ocrx_word' id='word_1_128' title='bbox 638 1674 685 1728; x_wconf 90' lang='lat' dir='ltr'><strong><em>his</em></strong></span> <span class='ocrx_word' id='word_1_129' title='bbox 704 1674 850 1728; x_wconf 87' lang='lat' dir='ltr'><strong><em>diviserat</em></strong></span> <span class='ocrx_word' id='word_1_130' title='bbox 862 1673 910 1744; x_wconf 88' lang='lat' dir='ltr'><strong><em>(cf.</em></strong></span> <span class='ocrx_word' id='word_1_131' title='bbox 933 1673 998 1728; x_wconf 89' lang='lat' dir='ltr'><strong><em>Liv.</em></strong></span> <span class='ocrx_word' id='word_1_132' title='bbox 1019 1690 1083 1743; x_wconf 84' lang='lat' dir='ltr'><strong><em>per.</em></strong></span> <span class='ocrx_word' id='word_1_133' title='bbox 1102 1673 1155 1727; x_wconf 82' lang='lat'><strong><em>89:</em></strong></span> <span class='ocrx_word' id='word_1_134' title='bbox 1176 1673 1250 1744; x_wconf 82' lang='lat' dir='ltr'><strong><em>App.</em></strong></span> <span class='ocrx_word' id='word_1_135' title='bbox 1271 1673 1307 1727; x_wconf 87' lang='grc' dir='ltr'><strong><em>Β.</em></strong></span> <span class='ocrx_word' id='word_1_136' title='bbox 1329 1673 1358 1730; x_wconf 84' lang='lat'><strong><em>0.</em></strong></span> <span class='ocrx_word' id='word_1_137' title='bbox 1379 1673 1557 1746; x_wconf 84' lang='lat'><strong><em>1,96,.100).</em></strong></span> 
     </span>
     <span class='ocr_line' id='line_1_13' title="bbox 413 1762 1558 1836; baseline 0 -17"><span class='ocrx_word' id='word_1_138' title='bbox 413 1798 446 1806; x_wconf 90' lang='lat'><em>-</em></span> <span class='ocrx_word' id='word_1_139' title='bbox 466 1763 628 1820; x_wconf 82' lang='lat' dir='ltr'><strong><em>Faesuloui</em></strong></span> <span class='ocrx_word' id='word_1_140' title='bbox 645 1762 838 1836; x_wconf 74' lang='lat' dir='ltr'><strong><em>inruperuntl.</em></strong></span> <span class='ocrx_word' id='word_1_141' title='bbox 858 1763 949 1829; x_wconf 86' lang='lat' dir='ltr'><strong><em>Haec,</em></strong></span> <span class='ocrx_word' id='word_1_142' title='bbox 970 1780 1046 1833; x_wconf 90' lang='lat' dir='ltr'><strong><em>quae</em></strong></span> <span class='ocrx_word' id='word_1_143' title='bbox 1066 1762 1168 1834; x_wconf 89' lang='lat' dir='ltr'><strong><em>procul</em></strong></span> <span class='ocrx_word' id='word_1_144' title='bbox 1188 1762 1278 1820; x_wconf 87' lang='lat' dir='ltr'><strong><em>dubio</em></strong></span> <span class='ocrx_word' id='word_1_145' title='bbox 1297 1763 1414 1833; x_wconf 84' lang='lat' dir='ltr'><strong><em>copiose</em></strong></span> <span class='ocrx_word' id='word_1_146' title='bbox 1433 1770 1558 1819; x_wconf 87' lang='lat' dir='ltr'><strong><em>narrata</em></strong></span> 
     </span>
     <span class='ocr_line' id='line_1_14' title="bbox 414 1851 1558 1924; baseline -0.003 -15"><span class='ocrx_word' id='word_1_147' title='bbox 414 1861 501 1909; x_wconf 86' lang='lat' dir='ltr'><strong><em>erant</em></strong></span> <span class='ocrx_word' id='word_1_148' title='bbox 520 1852 597 1924; x_wconf 86' lang='lat' dir='ltr'><strong><em>apud</em></strong></span> <span class='ocrx_word' id='word_1_149' title='bbox 617 1852 791 1907; x_wconf 80' lang='lat' dir='ltr'><strong><em>Sallustium</em></strong></span> <span class='ocrx_word' id='word_1_150' title='bbox 810 1852 899 1923; x_wconf 83' lang='lat' dir='ltr'><strong><em>(Hisi.</em></strong></span> <span class='ocrx_word' id='word_1_151' title='bbox 920 1851 954 1922; x_wconf 85' lang='grc' dir='ltr'><strong><em>Ι),</em></strong></span> <span class='ocrx_word' id='word_1_152' title='bbox 969 1869 1023 1906; x_wconf 90' lang='lat' dir='ltr'><strong><em>nos</em></strong></span> <span class='ocrx_word' id='word_1_153' title='bbox 1038 1851 1182 1906; x_wconf 88' lang='lat' dir='ltr'><strong><em>habemus</em></strong></span> <span class='ocrx_word' id='word_1_154' title='bbox 1201 1851 1296 1906; x_wconf 80' lang='lat' dir='ltr'><strong><em>aeolo</em></strong></span> <span class='ocrx_word' id='word_1_155' title='bbox 1312 1852 1475 1907; x_wconf 89' lang='lat' dir='ltr'><strong><em>Liciniano.</em></strong></span> <span class='ocrx_word' id='word_1_156' title='bbox 1487 1852 1558 1907; x_wconf 85' lang='lat' dir='ltr'><strong><em>Fae·</em></strong></span> 
     </span>
     <span class='ocr_line' id='line_1_15' title="bbox 414 1940 1558 2012; baseline 0 -15"><span class='ocrx_word' id='word_1_157' title='bbox 414 1943 586 1998; x_wconf 79' lang='lat' dir='ltr'><strong><em>sulanorum</em></strong></span> <span class='ocrx_word' id='word_1_158' title='bbox 607 1941 763 1996; x_wconf 79' lang='lat' dir='ltr'><strong><em>seditionis</em></strong></span> <span class='ocrx_word' id='word_1_159' title='bbox 782 1946 883 1995; x_wconf 88' lang='lat' dir='ltr'><strong><em>autem</em></strong></span> <span class='ocrx_word' id='word_1_160' title='bbox 901 1941 1053 1995; x_wconf 86' lang='lat' dir='ltr'><strong><em>conscium</em></strong></span> <span class='ocrx_word' id='word_1_161' title='bbox 1067 1940 1212 2011; x_wconf 86' lang='lat' dir='ltr'><strong><em>Lepidum</em></strong></span> <span class='ocrx_word' id='word_1_162' title='bbox 1231 1942 1323 2002; x_wconf 86' lang='lat' dir='ltr'><strong><em>fuisse</em></strong></span> <span class='ocrx_word' id='word_1_163' title='bbox 1343 1943 1428 2012; x_wconf 84' lang='lat' dir='ltr'><strong><em>eique</em></strong></span> <span class='ocrx_word' id='word_1_164' title='bbox 1447 1942 1558 1998; x_wconf 85' lang='lat' dir='ltr'><strong><em>favisse</em></strong></span> 
     </span>
     <span class='ocr_line' id='line_1_16' title="bbox 414 2029 1557 2104; baseline -0.001 -18"><span class='ocrx_word' id='word_1_165' title='bbox 414 2033 553 2102; x_wconf 79' lang='lat' dir='ltr'><strong><em>colligere</em></strong></span> <span class='ocrx_word' id='word_1_166' title='bbox 567 2049 723 2102; x_wconf 89' lang='lat' dir='ltr'><strong><em>possumus</em></strong></span> <span class='ocrx_word' id='word_1_167' title='bbox 740 2031 830 2084; x_wconf 87' lang='lat' dir='ltr'><strong><em>etiam</em></strong></span> <span class='ocrx_word' id='word_1_168' title='bbox 846 2048 882 2085; x_wconf 83' lang='lat' dir='ltr'><strong><em>ex</em></strong></span> <span class='ocrx_word' id='word_1_169' title='bbox 897 2031 1025 2101; x_wconf 91' lang='lat' dir='ltr'><strong><em>Philippi</em></strong></span> <span class='ocrx_word' id='word_1_170' title='bbox 1041 2033 1175 2084; x_wconf 84' lang='lat' dir='ltr'><strong><em>oratione</em></strong></span> <span class='ocrx_word' id='word_1_171' title='bbox 1189 2029 1267 2102; x_wconf 89' lang='lat' dir='ltr'><strong><em>apud</em></strong></span> <span class='ocrx_word' id='word_1_172' title='bbox 1280 2031 1456 2086; x_wconf 80' lang='lat' dir='ltr'><strong><em>Sallustium</em></strong></span> <span class='ocrx_word' id='word_1_173' title='bbox 1468 2031 1557 2104; x_wconf 73' lang='lat' dir='ltr'><strong><em>(Hesi.</em></strong></span> 
     </span>
     <span class='ocr_line' id='line_1_17' title="bbox 412 2119 1558 2194; baseline 0 -18"><span class='ocrx_word' id='word_1_174' title='bbox 412 2124 452 2194; x_wconf 83' lang='lat' dir='ltr'><strong><em>fr.</em></strong></span> <span class='ocrx_word' id='word_1_175' title='bbox 475 2123 497 2188; x_wconf 91' lang='lat'><strong><em>1,</em></strong></span> <span class='ocrx_word' id='word_1_176' title='bbox 516 2123 559 2186; x_wconf 85' lang='lat'><strong><em>48,</em></strong></span> <span class='ocrx_word' id='word_1_177' title='bbox 579 2123 597 2174; x_wconf 88' lang='grc'>4</span> <span class='ocrx_word' id='word_1_178' title='bbox 616 2120 767 2191; x_wconf 88' lang='lat' dir='ltr'><strong><em>Dietseh.).</em></strong></span> <span class='ocrx_word' id='word_1_179' title='bbox 782 2152 811 2161; x_wconf 90' lang='lat'>-</span> <span class='ocrx_word' id='word_1_180' title='bbox 823 2120 855 2174; x_wconf 85' lang='lat' dir='ltr'><strong><em>in</em></strong></span> <span class='ocrx_word' id='word_1_181' title='bbox 865 2119 1018 2175; x_wconf 84' lang='lat' dir='ltr'><strong><em>Etruriam</em></strong></span> <span class='ocrx_word' id='word_1_182' title='bbox 1035 2120 1159 2192; x_wconf 86' lang='lat' dir='ltr'><strong><em>profecti</em></strong></span> <span class='ocrx_word' id='word_1_183' title='bbox 1169 2119 1247 2194; x_wconf 84' lang='lat' dir='ltr'><strong><em>suni]</em></strong></span> <span class='ocrx_word' id='word_1_184' title='bbox 1266 2120 1402 2190; x_wconf 83' lang='lat' dir='ltr'><strong><em>Senatus,</em></strong></span> <span class='ocrx_word' id='word_1_185' title='bbox 1422 2123 1479 2176; x_wconf 87' lang='lat' dir='ltr'><strong><em>etsi</em></strong></span> <span class='ocrx_word' id='word_1_186' title='bbox 1499 2139 1558 2176; x_wconf 87' lang='lat' dir='ltr'><strong><em>uon</em></strong></span> 
     </span>
     <span class='ocr_line' id='line_1_18' title="bbox 415 2208 1558 2281; baseline 0 -16"><span class='ocrx_word' id='word_1_187' title='bbox 415 2210 573 2281; x_wconf 78' lang='lat' dir='ltr'><strong><em>ignorabat</em></strong></span> <span class='ocrx_word' id='word_1_188' title='bbox 593 2209 696 2280; x_wconf 85' lang='lat' dir='ltr'><strong><em>Lepidi</em></strong></span> <span class='ocrx_word' id='word_1_189' title='bbox 717 2209 849 2272; x_wconf 86' lang='lat' dir='ltr'><strong><em>consilia,</em></strong></span> <span class='ocrx_word' id='word_1_190' title='bbox 870 2214 970 2262; x_wconf 86' lang='lat' dir='ltr'><strong><em>tamen</em></strong></span> <span class='ocrx_word' id='word_1_191' title='bbox 985 2225 1021 2261; x_wconf 86' lang='lat' dir='ltr'><strong><em>ue</em></strong></span> <span class='ocrx_word' id='word_1_192' title='bbox 1032 2225 1143 2261; x_wconf 90' lang='lat' dir='ltr'><strong><em>novum</em></strong></span> <span class='ocrx_word' id='word_1_193' title='bbox 1164 2208 1273 2262; x_wconf 90' lang='lat' dir='ltr'><strong><em>bellum</em></strong></span> <span class='ocrx_word' id='word_1_194' title='bbox 1288 2209 1377 2263; x_wconf 84' lang='lat' dir='ltr'><strong><em>civile</em></strong></span> <span class='ocrx_word' id='word_1_195' title='bbox 1392 2211 1471 2264; x_wconf 85' lang='lat' dir='ltr'><strong><em>inter</em></strong></span> <span class='ocrx_word' id='word_1_196' title='bbox 1485 2209 1558 2265; x_wconf 89' lang='lat' dir='ltr'><strong><em>duos</em></strong></span> 
     </span>
     <span class='ocr_line' id='line_1_19' title="bbox 415 2297 1558 2368; baseline 0 -14"><span class='ocrx_word' id='word_1_197' title='bbox 415 2301 551 2354; x_wconf 87' lang='lat' dir='ltr'><strong><em>consules</em></strong></span> <span class='ocrx_word' id='word_1_198' title='bbox 566 2301 667 2354; x_wconf 84' lang='lat' dir='ltr'><strong><em>statim</em></strong></span> <span class='ocrx_word' id='word_1_199' title='bbox 682 2301 893 2365; x_wconf 80' lang='lat' dir='ltr'><strong><em>concitaretur,</em></strong></span> <span class='ocrx_word' id='word_1_200' title='bbox 908 2298 1002 2363; x_wconf 82' lang='lat' dir='ltr'><strong><em>ambo,</em></strong></span> <span class='ocrx_word' id='word_1_201' title='bbox 1017 2297 1146 2352; x_wconf 84' lang='lat' dir='ltr'><strong><em>decretis</em></strong></span> <span class='ocrx_word' id='word_1_202' title='bbox 1159 2297 1340 2353; x_wconf 87' lang='lat' dir='ltr'><strong><em>exercitibus</em></strong></span> <span class='ocrx_word' id='word_1_203' title='bbox 1350 2301 1387 2368; x_wconf 81' lang='lat' dir='ltr'><strong><em>(v.</em></strong></span> <span class='ocrx_word' id='word_1_204' title='bbox 1399 2298 1468 2353; x_wconf 90' lang='lat' dir='ltr'><strong><em>Sall.</em></strong></span> <span class='ocrx_word' id='word_1_205' title='bbox 1482 2300 1558 2356; x_wconf 84' lang='lat' dir='ltr'><strong><em>Hist.</em></strong></span> 
     </span>
     <span class='ocr_line' id='line_1_20' title="bbox 413 2388 1558 2459; baseline 0.001 -16"><span class='ocrx_word' id='word_1_206' title='bbox 413 2391 436 2459; x_wconf 90' lang='lat' dir='ltr'><strong><em>I,</em></strong></span> <span class='ocrx_word' id='word_1_207' title='bbox 456 2391 491 2442; x_wconf 87' lang='lat' dir='ltr'><strong><em>ir.</em></strong></span> <span class='ocrx_word' id='word_1_208' title='bbox 504 2390 545 2442; x_wconf 74' lang='lat' dir='ltr'><strong><em>ut</em></strong></span> <span class='ocrx_word' id='word_1_209' title='bbox 566 2389 710 2443; x_wconf 87' lang='lat' dir='ltr'><strong><em>Dietscb.:</em></strong></span> <span class='ocrx_word' id='word_1_210' title='bbox 729 2389 774 2443; x_wconf 89' lang='lat' dir='ltr'><strong><em>uti</em></strong></span> <span class='ocrx_word' id='word_1_211' title='bbox 792 2388 921 2457; x_wconf 87' lang='lat' dir='ltr'><strong><em>Lepidus</em></strong></span> <span class='ocrx_word' id='word_1_212' title='bbox 940 2391 967 2442; x_wconf 86' lang='lat' dir='ltr'><strong><em>et</em></strong></span> <span class='ocrx_word' id='word_1_213' title='bbox 987 2390 1108 2444; x_wconf 79' lang='lat' dir='ltr'><strong><em>Catulus</em></strong></span> <span class='ocrx_word' id='word_1_214' title='bbox 1127 2388 1246 2443; x_wconf 82' lang='lat' dir='ltr'><strong><em>decretis</em></strong></span> <span class='ocrx_word' id='word_1_215' title='bbox 1264 2389 1438 2444; x_wconf 72' lang='lat' dir='ltr'><strong><em>exercitibus</em></strong></span> <span class='ocrx_word' id='word_1_216' title='bbox 1452 2393 1558 2444; x_wconf 77' lang='lat' dir='ltr'><strong><em>oratur-</em></strong></span> 
     </span>
     <span class='ocr_line' id='line_1_21' title="bbox 415 2475 1558 2549; baseline 0 -16"><span class='ocrx_word' id='word_1_217' title='bbox 415 2481 488 2534; x_wconf 85' lang='lat' dir='ltr'><strong><em>rime</em></strong></span> <span class='ocrx_word' id='word_1_218' title='bbox 499 2477 771 2549; x_wconf 80' lang='lat' dir='ltr'><strong><em>proficiscerentur),</em></strong></span> <span class='ocrx_word' id='word_1_219' title='bbox 792 2479 822 2530; x_wconf 92' lang='lat' dir='ltr'><strong><em>in</em></strong></span> <span class='ocrx_word' id='word_1_220' title='bbox 844 2477 997 2530; x_wconf 80' lang='lat' dir='ltr'><strong><em>Etruriam</em></strong></span> <span class='ocrx_word' id='word_1_221' title='bbox 1018 2478 1108 2542; x_wconf 86' lang='lat' dir='ltr'><strong><em>misit,</em></strong></span> <span class='ocrx_word' id='word_1_222' title='bbox 1129 2482 1163 2529; x_wconf 89' lang='lat' dir='ltr'><strong><em>ut</em></strong></span> <span class='ocrx_word' id='word_1_223' title='bbox 1182 2475 1360 2532; x_wconf 88' lang='lat' dir='ltr'><strong><em>seditionem</em></strong></span> <span class='ocrx_word' id='word_1_224' title='bbox 1380 2477 1558 2533; x_wconf 83' lang='lat' dir='ltr'><strong><em>Faesulano·</em></strong></span> 
     </span>
     <span class='ocr_line' id='line_1_22' title="bbox 414 2565 1556 2638; baseline -0.001 -15"><span class='ocrx_word' id='word_1_225' title='bbox 414 2588 480 2624; x_wconf 88' lang='lat' dir='ltr'><strong><em>rum</em></strong></span> <span class='ocrx_word' id='word_1_226' title='bbox 500 2568 648 2622; x_wconf 86' lang='lat' dir='ltr'><strong><em>sedarent.</em></strong></span> <span class='ocrx_word' id='word_1_227' title='bbox 668 2567 734 2620; x_wconf 84' lang='lat' dir='ltr'><strong><em>Huc</em></strong></span> <span class='ocrx_word' id='word_1_228' title='bbox 755 2565 909 2620; x_wconf 89' lang='lat' dir='ltr'><strong><em>referenda</em></strong></span> <span class='ocrx_word' id='word_1_229' title='bbox 928 2573 1000 2620; x_wconf 84' lang='lat' dir='ltr'><strong><em>sunt</em></strong></span> <span class='ocrx_word' id='word_1_230' title='bbox 1019 2568 1110 2620; x_wconf 88' lang='lat' dir='ltr'><strong><em>etiam</em></strong></span> <span class='ocrx_word' id='word_1_231' title='bbox 1131 2566 1221 2620; x_wconf 87' lang='lat' dir='ltr'><strong><em>verba</em></strong></span> <span class='ocrx_word' id='word_1_232' title='bbox 1243 2565 1372 2638; x_wconf 90' lang='lat' dir='ltr'><strong><em>Philippi</em></strong></span> <span class='ocrx_word' id='word_1_233' title='bbox 1390 2566 1468 2638; x_wconf 86' lang='lat' dir='ltr'><strong><em>apud</em></strong></span> <span class='ocrx_word' id='word_1_234' title='bbox 1487 2567 1556 2623; x_wconf 85' lang='lat' dir='ltr'><strong><em>Sall.</em></strong></span> 
     </span>
     <span class='ocr_line' id='line_1_23' title="bbox 414 2655 1558 2730; baseline 0.001 -18"><span class='ocrx_word' id='word_1_235' title='bbox 414 2659 448 2724; x_wconf 87' lang='grc' dir='ltr'><strong><em>(Ι,</em></strong></span> <span class='ocrx_word' id='word_1_236' title='bbox 468 2659 511 2723; x_wconf 80' lang='grc'><strong><em>48,</em></strong></span> <span class='ocrx_word' id='word_1_237' title='bbox 529 2659 575 2729; x_wconf 87' lang='lat' dir='ltr'><strong><em>l):</em></strong></span> <span class='ocrx_word' id='word_1_238' title='bbox 595 2659 629 2712; x_wconf 87' lang='lat' dir='ltr'><strong><em>ob</em></strong></span> <span class='ocrx_word' id='word_1_239' title='bbox 641 2656 811 2711; x_wconf 82' lang='lat' dir='ltr'><strong><em>seditionem</em></strong></span> <span class='ocrx_word' id='word_1_240' title='bbox 828 2655 1010 2726; x_wconf 82' lang='lat' dir='ltr'><strong><em>prouinciam</em></strong></span> <span class='ocrx_word' id='word_1_241' title='bbox 1030 2673 1096 2712; x_wconf 87' lang='lat' dir='ltr'><strong><em>cum</em></strong></span> <span class='ocrx_word' id='word_1_242' title='bbox 1115 2656 1245 2712; x_wconf 84' lang='lat' dir='ltr'><strong><em>eocercitu</em></strong></span> <span class='ocrx_word' id='word_1_243' title='bbox 1264 2659 1389 2728; x_wconf 85' lang='lat' dir='ltr'><strong><em>adeptus</em></strong></span> <span class='ocrx_word' id='word_1_244' title='bbox 1407 2661 1448 2712; x_wconf 88' lang='lat' dir='ltr'><strong><em>est</em></strong></span> <span class='ocrx_word' id='word_1_245' title='bbox 1465 2658 1558 2730; x_wconf 87' lang='lat' dir='ltr'><strong><em>(Lepi-</em></strong></span> 
     </span>
     <span class='ocr_line' id='line_1_24' title="bbox 415 2745 1246 2818; baseline -0.002 -16"><span class='ocrx_word' id='word_1_246' title='bbox 415 2749 499 2818; x_wconf 83' lang='lat' dir='ltr'><strong><em>dus);</em></strong></span> <span class='ocrx_word' id='word_1_247' title='bbox 521 2766 547 2801; x_wconf 93' lang='lat' dir='ltr'><strong><em>v.</em></strong></span> <span class='ocrx_word' id='word_1_248' title='bbox 568 2747 687 2809; x_wconf 84' lang='lat' dir='ltr'><strong><em>Momm.</em></strong></span> <span class='ocrx_word' id='word_1_249' title='bbox 708 2746 726 2799; x_wconf 92' lang='lat' dir='ltr'><strong><em>l.</em></strong></span> <span class='ocrx_word' id='word_1_250' title='bbox 747 2765 784 2799; x_wconf 92' lang='lat' dir='ltr'><strong><em>m.</em></strong></span> <span class='ocrx_word' id='word_1_251' title='bbox 805 2762 831 2802; x_wconf 90' lang='lat' dir='ltr'><strong><em>v.</em></strong></span> <span class='ocrx_word' id='word_1_252' title='bbox 853 2745 909 2809; x_wconf 84' lang='lat' dir='ltr'><strong><em>Il&#39;I,</em></strong></span> <span class='ocrx_word' id='word_1_253' title='bbox 931 2764 957 2816; x_wconf 89' lang='lat' dir='ltr'><strong><em>p.</em></strong></span> <span class='ocrx_word' id='word_1_254' title='bbox 977 2746 1013 2798; x_wconf 76' lang='lat'><strong><em>26</em></strong></span> <span class='ocrx_word' id='word_1_255' title='bbox 1032 2751 1063 2800; x_wconf 86' lang='lat' dir='ltr'><strong><em>et</em></strong></span> <span class='ocrx_word' id='word_1_256' title='bbox 1082 2747 1163 2818; x_wconf 88' lang='lat' dir='ltr'><strong><em>seq.).</em></strong></span> <span class='ocrx_word' id='word_1_257' title='bbox 1245 2779 1246 2782; x_wconf 60' lang='lat'><em>=</em></span> 
     </span>
    </p>

    <p class='ocr_par' dir='ltr' id='par_1_4' title="bbox 353 2834 1581 3714">
     <span class='ocr_line' id='line_1_25' title="bbox 468 2834 1559 2924; baseline 0.001 -33"><span class='ocrx_word' id='word_1_258' title='bbox 468 2839 500 2890; x_wconf 93' lang='lat' dir='ltr'><strong><em>B.</em></strong></span> <span class='ocrx_word' id='word_1_259' title='bbox 517 2853 616 2907; x_wconf 86' lang='lat' dir='ltr'><strong><em>preces</em></strong></span> <span class='ocrx_word' id='word_1_260' title='bbox 633 2839 754 2890; x_wconf 76' lang='lat' dir='ltr'><strong><em>secutus</em></strong></span> <span class='ocrx_word' id='word_1_261' title='bbox 769 2867 800 2876; x_wconf 94' lang='lat'>-</span> <span class='ocrx_word' id='word_1_262' title='bbox 815 2838 960 2890; x_wconf 80' lang='lat' dir='ltr'><strong><em>mouerent</em></strong></span> <span class='ocrx_word' id='word_1_263' title='bbox 979 2834 1121 2908; x_wconf 83' lang='lat' dir='ltr'><strong><em>uuquam]</em></strong></span> <span class='ocrx_word' id='word_1_264' title='bbox 1140 2836 1181 2889; x_wconf 71' lang='lat' dir='ltr'><strong><em>cf.</em></strong></span> <span class='ocrx_word' id='word_1_265' title='bbox 1196 2838 1271 2908; x_wconf 84' lang='lat' dir='ltr'><strong><em>App.</em></strong></span> <span class='ocrx_word' id='word_1_266' title='bbox 1290 2837 1321 2908; x_wconf 90' lang='lat' dir='ltr'><strong><em>(l.</em></strong></span> <span class='ocrx_word' id='word_1_267' title='bbox 1341 2843 1388 2924; x_wconf 81' lang='lat' dir='ltr'><strong><em>m.)</em></strong></span> <span class='ocrx_word' id='word_1_268' title='bbox 1398 2839 1477 2911; x_wconf 80' lang='grc' dir='ltr'>ἄμφω</span> <span class='ocrx_word' id='word_1_269' title='bbox 1491 2837 1559 2912; x_wconf 77' lang='lat' dir='ltr'><strong><em>[bird-</em></strong></span> 
     </span>
     <span class='ocr_line' id='line_1_26' title="bbox 416 2923 1581 2999; baseline 0.003 -20"><span class='ocrx_word' id='word_1_270' title='bbox 416 2925 484 2999; x_wconf 80' lang='grc' dir='ltr'>τους]</span> <span class='ocrx_word' id='word_1_271' title='bbox 505 2931 547 2998; x_wconf 69' lang='lat' dir='ltr'><strong><em>ptr</em></strong></span> <span class='ocrx_word' id='word_1_272' title='bbox 567 2925 610 2980; x_wconf 75' lang='lat' dir='ltr'><strong><em>obv</em></strong></span> <span class='ocrx_word' id='word_1_273' title='bbox 626 2923 745 2999; x_wconf 77' lang='grc' dir='ltr'>ἠβουλὴ</span> <span class='ocrx_word' id='word_1_274' title='bbox 765 2924 871 2977; x_wconf 74' lang='grc' dir='ltr'>δείσασα</span> <span class='ocrx_word' id='word_1_275' title='bbox 889 2927 992 2996; x_wconf 77' lang='grc' dir='ltr'>ὥρκωσε</span> <span class='ocrx_word' id='word_1_276' title='bbox 1012 2929 1051 2997; x_wconf 82' lang='grc' dir='ltr'><strong><em>μὴ</em></strong></span> <span class='ocrx_word' id='word_1_277' title='bbox 1071 2923 1179 2998; x_wconf 77' lang='grc' dir='ltr'>πολέμῳ</span> <span class='ocrx_word' id='word_1_278' title='bbox 1198 2925 1376 2999; x_wconf 71' lang='grc' dir='ltr'><strong><em>διακριθῆναι.</em></strong></span> <span class='ocrx_word' id='word_1_279' title='bbox 1395 2927 1459 2993; x_wconf 79' lang='lat' dir='ltr'><strong><em>Quo</em></strong></span> <span class='ocrx_word' id='word_1_280' title='bbox 1478 2929 1581 2983; x_wconf 84' lang='lat' dir='ltr'><strong><em>iure·-</em></strong></span> 
     </span>
     <span class='ocr_line' id='line_1_27' title="bbox 416 3000 1559 3072; baseline 0.003 -3"><span class='ocrx_word' id='word_1_281' title='bbox 416 3016 541 3070; x_wconf 87' lang='lat' dir='ltr'><strong><em>iurando</em></strong></span> <span class='ocrx_word' id='word_1_282' title='bbox 561 3021 663 3068; x_wconf 89' lang='lat' dir='ltr'><strong><em>utrum</em></strong></span> <span class='ocrx_word' id='word_1_283' title='bbox 683 3013 823 3068; x_wconf 87' lang='lat' dir='ltr'><strong><em>consules</em></strong></span> <span class='ocrx_word' id='word_1_284' title='bbox 842 3020 912 3067; x_wconf 83' lang='lat' dir='ltr'><strong><em>ante</em></strong></span> <span class='ocrx_word' id='word_1_285' title='bbox 933 3031 1036 3068; x_wconf 89' lang='lat' dir='ltr'><strong><em>eorum</em></strong></span> <span class='ocrx_word' id='word_1_286' title='bbox 1056 3013 1220 3069; x_wconf 85' lang='lat' dir='ltr'><strong><em>discessum</em></strong></span> <span class='ocrx_word' id='word_1_287' title='bbox 1249 3033 1267 3070; x_wconf 87' lang='lat' dir='ltr'><strong><em>a</em></strong></span> <span class='ocrx_word' id='word_1_288' title='bbox 1293 3000 1400 3071; x_wconf 84' lang='lat' dir='ltr'><strong><em>senatu</em></strong></span> <span class='ocrx_word' id='word_1_289' title='bbox 1420 3016 1559 3072; x_wconf 86' lang='lat' dir='ltr'><strong><em>obstricti</em></strong></span> 
     </span>
     <span class='ocr_line' id='line_1_28' title="bbox 417 3103 1560 3175; baseline 0.002 -16"><span class='ocrx_word' id='word_1_290' title='bbox 417 3107 487 3170; x_wconf 89' lang='lat' dir='ltr'><strong><em>sint,</em></strong></span> <span class='ocrx_word' id='word_1_291' title='bbox 507 3111 541 3158; x_wconf 85' lang='lat' dir='ltr'><strong><em>ut</em></strong></span> <span class='ocrx_word' id='word_1_292' title='bbox 560 3110 644 3175; x_wconf 88' lang='lat' dir='ltr'><strong><em>patet</em></strong></span> <span class='ocrx_word' id='word_1_293' title='bbox 663 3121 699 3158; x_wconf 87' lang='lat' dir='ltr'><strong><em>ex</em></strong></span> <span class='ocrx_word' id='word_1_294' title='bbox 720 3104 863 3174; x_wconf 87' lang='lat' dir='ltr'><strong><em>Appiano,</em></strong></span> <span class='ocrx_word' id='word_1_295' title='bbox 883 3120 921 3156; x_wconf 87' lang='lat' dir='ltr'><strong><em>an</em></strong></span> <span class='ocrx_word' id='word_1_296' title='bbox 936 3119 1003 3156; x_wconf 89' lang='lat' dir='ltr'><strong><em>cum</em></strong></span> <span class='ocrx_word' id='word_1_297' title='bbox 1017 3103 1076 3156; x_wconf 89' lang='lat' dir='ltr'><strong><em>iam</em></strong></span> <span class='ocrx_word' id='word_1_298' title='bbox 1090 3104 1119 3157; x_wconf 92' lang='lat' dir='ltr'><strong><em>in</em></strong></span> <span class='ocrx_word' id='word_1_299' title='bbox 1136 3104 1259 3158; x_wconf 84' lang='lat' dir='ltr'><strong><em>Etruria</em></strong></span> <span class='ocrx_word' id='word_1_300' title='bbox 1272 3104 1394 3174; x_wconf 87' lang='lat' dir='ltr'><strong><em>fuerint,</em></strong></span> <span class='ocrx_word' id='word_1_301' title='bbox 1414 3113 1448 3160; x_wconf 88' lang='lat' dir='ltr'><strong><em>ut</em></strong></span> <span class='ocrx_word' id='word_1_302' title='bbox 1467 3124 1504 3161; x_wconf 88' lang='lat' dir='ltr'><strong><em>ex</em></strong></span> <span class='ocrx_word' id='word_1_303' title='bbox 1514 3107 1560 3160; x_wconf 91' lang='lat' dir='ltr'><strong><em>Li·</em></strong></span> 
     </span>
     <span class='ocr_line' id='line_1_29' title="bbox 417 3190 1559 3263; baseline 0.001 -14"><span class='ocrx_word' id='word_1_304' title='bbox 417 3196 526 3249; x_wconf 85' lang='lat' dir='ltr'><strong><em>ciniani</em></strong></span> <span class='ocrx_word' id='word_1_305' title='bbox 547 3194 611 3248; x_wconf 88' lang='lat' dir='ltr'><strong><em>loco</em></strong></span> <span class='ocrx_word' id='word_1_306' title='bbox 629 3193 790 3263; x_wconf 84' lang='lat' dir='ltr'><strong><em>colligitur,</em></strong></span> <span class='ocrx_word' id='word_1_307' title='bbox 810 3190 933 3246; x_wconf 88' lang='lat' dir='ltr'><strong><em>difficile</em></strong></span> <span class='ocrx_word' id='word_1_308' title='bbox 960 3199 1007 3246; x_wconf 84' lang='lat' dir='ltr'><strong><em>est</em></strong></span> <span class='ocrx_word' id='word_1_309' title='bbox 1036 3191 1218 3260; x_wconf 80' lang='lat' dir='ltr'><strong><em>diiudicare3</em></strong></span> <span class='ocrx_word' id='word_1_310' title='bbox 1247 3196 1321 3250; x_wconf 85' lang='lat' dir='ltr'><strong><em>satis</em></strong></span> <span class='ocrx_word' id='word_1_311' title='bbox 1341 3195 1420 3250; x_wconf 84' lang='lat' dir='ltr'><strong><em>anim</em></strong></span> <span class='ocrx_word' id='word_1_312' title='bbox 1440 3201 1559 3251; x_wconf 86' lang='lat' dir='ltr'><strong><em>constat</em></strong></span> 
     </span>
     <span class='ocr_line' id='line_1_30' title="bbox 417 3279 1560 3354; baseline 0.002 -18"><span class='ocrx_word' id='word_1_313' title='bbox 417 3302 504 3353; x_wconf 89' lang='lat' dir='ltr'><strong><em>quem</em></strong></span> <span class='ocrx_word' id='word_1_314' title='bbox 526 3300 618 3354; x_wconf 90' lang='lat' dir='ltr'><strong><em>parva</em></strong></span> <span class='ocrx_word' id='word_1_315' title='bbox 637 3281 695 3335; x_wconf 88' lang='lat' dir='ltr'><strong><em>fide</em></strong></span> <span class='ocrx_word' id='word_1_316' title='bbox 714 3280 888 3334; x_wconf 84' lang='lat' dir='ltr'><strong><em>Licinianus</em></strong></span> <span class='ocrx_word' id='word_1_317' title='bbox 903 3279 1014 3350; x_wconf 85' lang='lat' dir='ltr'><strong><em>diguus</em></strong></span> <span class='ocrx_word' id='word_1_318' title='bbox 1044 3281 1084 3334; x_wconf 91' lang='lat' dir='ltr'><strong><em>sit</em></strong></span> <span class='ocrx_word' id='word_1_319' title='bbox 1113 3298 1180 3335; x_wconf 89' lang='lat' dir='ltr'><strong><em>oum</em></strong></span> <span class='ocrx_word' id='word_1_320' title='bbox 1199 3281 1236 3336; x_wconf 87' lang='lat' dir='ltr'><strong><em>de</em></strong></span> <span class='ocrx_word' id='word_1_321' title='bbox 1255 3284 1372 3337; x_wconf 88' lang='lat' dir='ltr'><strong><em>ratione</em></strong></span> <span class='ocrx_word' id='word_1_322' title='bbox 1391 3289 1560 3354; x_wconf 87' lang='lat' dir='ltr'><strong><em>temporum</em></strong></span> 
     </span>
     <span class='ocr_line' id='line_1_31' title="bbox 417 3369 1559 3444; baseline 0 -17"><span class='ocrx_word' id='word_1_323' title='bbox 417 3379 534 3444; x_wconf 86' lang='lat' dir='ltr'><strong><em>agatur.</em></strong></span> <span class='ocrx_word' id='word_1_324' title='bbox 545 3403 578 3414; x_wconf 90' lang='lat'>-</span> <span class='ocrx_word' id='word_1_325' title='bbox 592 3371 728 3440; x_wconf 88' lang='lat' dir='ltr'><strong><em>Reliquis</em></strong></span> <span class='ocrx_word' id='word_1_326' title='bbox 740 3370 829 3424; x_wconf 88' lang='lat' dir='ltr'><strong><em>huius</em></strong></span> <span class='ocrx_word' id='word_1_327' title='bbox 844 3369 997 3423; x_wconf 85' lang='lat' dir='ltr'><strong><em>columnae</em></strong></span> <span class='ocrx_word' id='word_1_328' title='bbox 1014 3369 1150 3426; x_wconf 89' lang='lat' dir='ltr'><strong><em>versibus</em></strong></span> <span class='ocrx_word' id='word_1_329' title='bbox 1169 3371 1351 3438; x_wconf 87' lang='lat' dir='ltr'><strong><em>Licinianus,</em></strong></span> <span class='ocrx_word' id='word_1_330' title='bbox 1370 3372 1415 3426; x_wconf 85' lang='lat' dir='ltr'><strong><em>uti</em></strong></span> <span class='ocrx_word' id='word_1_331' title='bbox 1432 3372 1559 3439; x_wconf 90' lang='lat' dir='ltr'><strong><em>videtur,</em></strong></span> 
     </span>
     <span class='ocr_line' id='line_1_32' title="bbox 416 3458 1560 3532; baseline 0.001 -16"><span class='ocrx_word' id='word_1_332' title='bbox 416 3479 539 3516; x_wconf 86' lang='lat' dir='ltr'><strong><em>narrare</em></strong></span> <span class='ocrx_word' id='word_1_333' title='bbox 560 3460 702 3531; x_wconf 86' lang='lat' dir='ltr'><strong><em>pergebat</em></strong></span> <span class='ocrx_word' id='word_1_334' title='bbox 722 3458 905 3514; x_wconf 88' lang='lat' dir='ltr'><strong><em>seditionem</em></strong></span> <span class='ocrx_word' id='word_1_335' title='bbox 925 3458 1048 3528; x_wconf 90' lang='lat' dir='ltr'><strong><em>Lepidi,</em></strong></span> <span class='ocrx_word' id='word_1_336' title='bbox 1078 3461 1130 3529; x_wconf 91' lang='lat' dir='ltr'><strong><em>qui</em></strong></span> <span class='ocrx_word' id='word_1_337' title='bbox 1153 3478 1232 3516; x_wconf 89' lang='lat' dir='ltr'><strong><em>anno</em></strong></span> <span class='ocrx_word' id='word_1_338' title='bbox 1250 3459 1303 3515; x_wconf 82' lang='grc'><strong><em>677</em></strong></span> <span class='ocrx_word' id='word_1_339' title='bbox 1322 3461 1400 3516; x_wconf 86' lang='lat' dir='ltr'><strong><em>haud</em></strong></span> <span class='ocrx_word' id='word_1_340' title='bbox 1422 3462 1523 3532; x_wconf 88' lang='lat' dir='ltr'><strong><em>procul</em></strong></span> <span class='ocrx_word' id='word_1_341' title='bbox 1543 3481 1560 3518; x_wconf 84' lang='lat' dir='ltr'><strong><em>a</em></strong></span> 
     </span>
     <span class='ocr_line' id='line_1_33' title="bbox 417 3548 1560 3623; baseline 0.001 -17"><span class='ocrx_word' id='word_1_342' title='bbox 417 3551 526 3623; x_wconf 84' lang='lat' dir='ltr'><strong><em>Campo</em></strong></span> <span class='ocrx_word' id='word_1_343' title='bbox 545 3552 655 3605; x_wconf 86' lang='lat' dir='ltr'><strong><em>Martio</em></strong></span> <span class='ocrx_word' id='word_1_344' title='bbox 674 3568 692 3603; x_wconf 89' lang='lat' dir='ltr'><strong><em>a</em></strong></span> <span class='ocrx_word' id='word_1_345' title='bbox 711 3548 817 3603; x_wconf 87' lang='lat' dir='ltr'><strong><em>(latulo</em></strong></span> <span class='ocrx_word' id='word_1_346' title='bbox 830 3549 929 3603; x_wconf 87' lang='lat' dir='ltr'><strong><em>victus</em></strong></span> <span class='ocrx_word' id='word_1_347' title='bbox 948 3554 979 3602; x_wconf 90' lang='lat' dir='ltr'><strong><em>et</em></strong></span> <span class='ocrx_word' id='word_1_348' title='bbox 997 3549 1101 3604; x_wconf 85' lang='lat' dir='ltr'><strong><em>cadere</em></strong></span> <span class='ocrx_word' id='word_1_349' title='bbox 1121 3557 1251 3619; x_wconf 88' lang='lat' dir='ltr'><strong><em>coactus,</em></strong></span> <span class='ocrx_word' id='word_1_350' title='bbox 1270 3553 1390 3606; x_wconf 84' lang='lat' dir='ltr'><strong><em>traiecit</em></strong></span> <span class='ocrx_word' id='word_1_351' title='bbox 1409 3553 1440 3606; x_wconf 91' lang='lat' dir='ltr'><strong><em>in</em></strong></span> <span class='ocrx_word' id='word_1_352' title='bbox 1459 3551 1560 3607; x_wconf 86' lang='lat' dir='ltr'><strong><em>Sardi·</em></strong></span> 
     </span>
     <span class='ocr_line' id='line_1_34' title="bbox 353 3637 1406 3714; baseline 0.001 -18"><span class='ocrx_word' id='word_1_353' title='bbox 353 3671 359 3680; x_wconf 54' lang='lat'><strong>⁴</strong></span> <span class='ocrx_word' id='word_1_354' title='bbox 418 3643 499 3696; x_wconf 88' lang='lat' dir='ltr'><strong><em>niam</em></strong></span> <span class='ocrx_word' id='word_1_355' title='bbox 519 3642 567 3695; x_wconf 91' lang='lat' dir='ltr'><strong><em>ubi</em></strong></span> <span class='ocrx_word' id='word_1_356' title='bbox 588 3641 675 3712; x_wconf 86' lang='lat' dir='ltr'><strong><em>paulo</em></strong></span> <span class='ocrx_word' id='word_1_357' title='bbox 695 3644 762 3710; x_wconf 88' lang='lat' dir='ltr'><strong><em>post</em></strong></span> <span class='ocrx_word' id='word_1_358' title='bbox 781 3637 850 3693; x_wconf 85' lang='lat' dir='ltr'><strong><em>tabe</em></strong></span> <span class='ocrx_word' id='word_1_359' title='bbox 870 3644 1064 3709; x_wconf 83' lang='lat' dir='ltr'><strong><em>consumptus</em></strong></span> <span class='ocrx_word' id='word_1_360' title='bbox 1083 3645 1130 3695; x_wconf 87' lang='lat' dir='ltr'><strong><em>est</em></strong></span> <span class='ocrx_word' id='word_1_361' title='bbox 1148 3639 1196 3712; x_wconf 83' lang='lat' dir='ltr'><strong><em>(cf.</em></strong></span> <span class='ocrx_word' id='word_1_362' title='bbox 1216 3641 1290 3713; x_wconf 86' lang='lat' dir='ltr'><strong><em>App.</em></strong></span> <span class='ocrx_word' id='word_1_363' title='bbox 1310 3641 1329 3695; x_wconf 91' lang='lat' dir='ltr'><strong><em>l.</em></strong></span> <span class='ocrx_word' id='word_1_364' title='bbox 1348 3643 1406 3714; x_wconf 79' lang='lat' dir='ltr'><strong><em>m).</em></strong></span> 
     </span>
    </p>
   </div>
   <div class='ocr_carea' id='block_1_4' title="bbox 0 0 1845 5424">
    <p class='ocr_par' dir='ltr' id='par_1_5' title="bbox 0 0 1845 5424">
     <span class='ocr_line' id='line_1_35' title="bbox 0 0 1845 5424; baseline 0 0"><span class='ocrx_word' id='word_1_365' title='bbox 0 0 1845 5424; x_wconf 95' lang='lat' dir='ltr'><strong><em> </em></strong></span> 
     </span>
    </p>
   </div>
  </div>
 </body>
</html>
