3658 5424
920 481 1081 540 ..10-

420 613 591 671 Antiochino.¹
609 611 790 664 EXMEDEA
802 610 871 676 ουτλ,
882 627 913 662 cn
925 627 984 663 aera
1001 612 1048 677 Mn
1058 613 1182 663 castrant
1199 611 1317 674 KeilIue,
1330 611 1378 676 qni
1391 615 1484 664 totum
1498 611 1573 664 hunc

419 695 511 750 locum
520 693 559 746 ite
570 693 698 746 exhibet:
709 711 722 743 ι(
732 693 793 744 daco
802 691 1049 744 cotomoedncdmab.
1058 694 1272 757 tentatationum
1284 693 1322 744 ot.
1330 693 1375 744 ott.
1386 695 1451 756 Cap.
1460 695 1523 745 Ioci.
1532 693 1570 744 do·

421 775 515 826 dicavit
523 775 656 826 statano
663 773 798 837 Olympiam
806 780 922 826 otmaroc
930 775 1017 838 lapido
1026 810 1048 826 ..
1061 809 1082 826 ..
1094 774 1524 826 .inetitaerct.»-dedicavcrot-
1532 775 1568 824 in·

420 857 543 922 stituerot]
563 857 720 907 Bursianus
731 856 760 920 (l.
770 859 828 920 ια),
841 858 871 907 Β.
883 856 1029 908 scribunt:
1042 856 1104 908 dccc
1117 855 1223 908 colomeo
1233 855 1374 906 duodenam
1389 855 1528 908 cubitorum
1537 873 1568 906 cm

420 953 486 998 aere,
494 954 570 987 annm
578 937 616 988 Ol.
622 937 730 988 alterum
741 936 805 999 Cap.
814 937 878 988 Iovi.
888 937 1052 988 decoraverat
1060 943 1083 988 et
1091 937 1197 990 Acmon
1205 936 1339 1000 Olympiam
1350 935 1481 1002 (Olympio
1489 936 1567 1000 cod),

420 1025 442 1068 ct
450 1034 535 1068 maros
546 1016 632 1080 lapide
641 1054 648 1068 .
657 1054 663 1067 .
673 1023 823 1068 mtruoerot.
832 1018 874 1068 Ex
885 1017 990 1068 litteris
999 1016 1158 1069 ood.conici
1168 1017 1253 1068 etiam
1262 1022 1368 1083 potest:
1384 1034 1457 1068 muro
1465 1017 1568 1080 lapidoo

419 1099 699 1163 incoronaret-nam]
717 1096 776 1149 cod.
794 1115 819 1163 p.
836 1099 874 1163 Β.;
890 1115 940 1163 pro
957 1116 1039 1149 nomm
1049 1117 1062 1147 υ
1077 1099 1133 1150 iam
1145 1098 1236 1150 Keilio
1253 1102 1387 1164 suspecto,
1405 1097 1481 1163 qnod
1497 1097 1567 1149 eatis

420 1195 477 1230 non
494 1179 678 1242 intellegatur
694 1176 762 1242 quid
780 1180 825 1230 hic
841 1179 896 1230 sibi
912 1179 984 1231 velit
996 1179 1136 1243 particula
1152 1195 1235 1238 caue..
1252 1179 1462 1230 Dieckmannus
1474 1194 1567 1244 propo·

421 1260 466 1310 nit
476 1260 529 1310 iam
535 1277 545 1319 ,·
553 1257 600 1310 sed
611 1258 644 1310 dc
654 1259 706 1311 hac
716 1259 856 1324 particula
864 1277 924 1310 nam
934 1264 972 1324 (=
984 1276 1025 1325 gr.
1035 1262 1075 1324 δέ)
1086 1258 1162 1325 apud
1172 1259 1317 1312 deterioris
1328 1257 1494 1311 Latinitatis
1503 1257 1567 1310 scri-

421 1346 514 1405 ptores
530 1357 557 1391 v.
573 1339 712 1391 Flemiech
736 1339 766 1402 (l.
780 1355 817 1390 m.
833 1356 858 1404 p.
874 1341 1095 1407 titel-numero]
1113 1355 1178 1392 cum
1195 1341 1255 1392 cod.
1271 1340 1351 1392 Burs.
1368 1345 1397 1391 et
1412 1339 1567 1405 Flemisch3

420 1421 531 1472 Keilius
547 1419 652 1472 conicit
669 1421 777 1483 tiparo,
794 1419 873 1477 nisus
890 1421 949 1472 loco
966 1421 1093 1474 Vitruvii
1109 1423 1206 1487 (praef.
1221 1422 1283 1485 VII,
1300 1422 1342 1484 15)
1357 1421 1407 1486 qui
1429 1419 1566 1486 templum

421 1500 575 1566 descripsit.
593 1530 621 1540 -
635 1503 821 1568 permanserat]
840 1519 875 1567 p,
895 1501 1006 1556 Keilius
1022 1503 1052 1567 (l.
1068 1519 1105 1554 m.
1121 1520 1147 1569 p.
1163 1503 1228 1568 646),
1245 1501 1341 1555 Madv.
1364 1502 1393 1567 (l.
1405 1517 1441 1554 m.
1458 1519 1483 1567 p.
1494 1502 1568 1566 461);

415 1581 551 1646 paratonio
566 1583 633 1649 cod,
647 1584 788 1646 pernoamit
803 1584 834 1635 B.
1219 1618 1223 1627 ·

477 1831 512 1884 A.
522 1829 705 1886 Antiochiam
715 1827 880 1903 advenam]
889 1829 1057 1887 Antiochus
1066 1829 1109 1887 IV
1119 1829 1297 1903 Epiphanes,
1307 1829 1449 1886 Antiochi
1459 1829 1564 1902 Magni

421 1917 502 1974 tilius
520 1921 599 1976 obses
617 1919 760 1976 Romanis
778 1937 797 1974 o
812 1922 898 1992 patro
915 1921 1011 1988 datae,
1031 1924 1144 1976 mortuo
1160 1921 1254 1991 fratrc
1266 1922 1392 1988 Seleuco,
1412 1919 1466 1991 qai
1481 1917 1565 1990 patri

421 2009 559 2079 defuncto
576 2012 759 2074 successerat,
778 2007 811 2065 in
829 2026 949 2081 πυρεττοντι
969 2010 1076 2083 Sym'ae
1094 2013 1131 2067 ob
1153 2012 1222 2067 urbe
1240 2009 1380 2067 dimissus
1398 2009 1477 2082 (Per.
1496 2009 1563 2064 Liv.

421 2099 440 2152 1.
460 2098 559 2172 XLI);
584 2097 747 2154 secundum
766 2104 867 2155 autem
894 2098 1052 2172 Polybium
1070 2099 1197 2172 (XXXI,
1218 2100 1272 2173 12),
1290 2101 1361 2156 vivo
1386 2101 1477 2155 etiam
1497 2105 1562 2153 tum

420 2189 524 2258 fratre,
544 2190 594 2260 qui
607 2190 671 2244 eius
684 2189 714 2243 in
731 2188 828 2258 locum
843 2189 965 2244 unicum
978 2187 1072 2244 filium
1086 2189 1273 2245 Demetrium
1289 2187 1421 2246 obsidem
1433 2187 1562 2244 Romam

421 2279 554 2344 miseret,
572 2279 631 2332 iam
662 2278 758 2332 Roma
776 2277 917 2334 redierat.
936 2309 970 2321 -
990 2278 1183 2354 reynovit1ah
1202 2297 1281 2335 anno
1300 2297 1329 2334 u.
1348 2279 1402 2334 580
1414 2295 1508 2350 usque
1524 2277 1563 2336 ad

421 2384 533 2422 annum
552 2367 613 2421 591.
633 2397 666 2408 -
682 2365 793 2440 posteo]
811 2384 878 2422 cum
897 2369 978 2423 inter
991 2367 1143 2425 Romanos
1157 2373 1187 2424 et
1200 2367 1351 2436 Perseum,
1364 2367 1563 2423 Macedonum

421 2473 533 2528 regem,
550 2474 629 2512 anno
647 2457 699 2510 586
718 2455 829 2511 bellum
843 2462 943 2512 ortum
958 2462 1013 2523 cst,
1026 2459 1052 2513 si
1067 2457 1195 2514 Perseus
1210 2459 1346 2530 superior
1359 2457 1562 2526 discessissem

421 2553 554 2602 ceterum
573 2563 641 2602 eum
660 2547 752 2601 etiam
770 2552 839 2618 post
857 2547 1004 2618 proelium
1023 2546 1061 2602 ad
1080 2547 1216 2619 Pydnam
1230 2565 1297 2603 cum
1311 2547 1443 2602 Eumene
1456 2551 1564 2603 contra

420 2637 572 2692 Romanos
591 2636 715 2709 consilia
734 2639 969 2693 communicasse
987 2654 1025 2692 ex
1043 2637 1168 2709 Polybio
1186 2637 1313 2710 (XXXI,
1333 2639 1359 2706 5,
1378 2638 1406 2708 6)
1425 2642 1456 2692 et
1474 2637 1563 2693 Livio

419 2726 497 2798 (Per.
515 2726 562 2798 46)
581 2731 714 2798 apparet.
723 2757 757 2781 .-
773 2726 931 2797 perpaucis
949 2724 1040 2799 bonis]
1053 2725 1158 2784 Livius
1170 2726 1263 2798 (XLI,
1275 2727 1330 2799 20),
1343 2726 1447 2782 multis
1460 2725 1562 2782 allatis

418 2832 494 2886 quae
512 2814 549 2870 de
567 2814 670 2869 mobili
688 2815 788 2869 animo
806 2815 981 2885 insaniaque
1000 2816 1065 2870 eius
1084 2819 1236 2871 testantur
1257 2815 1306 2887 (cf.
1325 2813 1429 2886 Polyb.
1452 2813 1563 2882 XXVI,

417 2906 469 2973 10;
487 2903 572 2959 Diod.
590 2902 735 2972 XXVIII,
753 2905 789 2958 32
803 2910 834 2959 et
852 2903 964 2972 XXXI,
979 2905 1033 2975 16),
1047 2903 1144 2960 addit:
1157 2904 1190 2960 in
1207 2906 1323 2960 duabus
1336 2907 1433 2960 tamen
1445 2905 1564 2975 moymie

415 2993 598 3066 honestisque
616 2995 701 3050 rotem
719 3010 782 3049 core
801 2993 900 3065 rapine
912 2997 975 3050 orat
986 2993 1113 3061 animus,
1128 2994 1161 3050 in
1174 2994 1293 3050 urbiam
1305 2993 1391 3050 donis
1403 2997 1429 3049 ct
1440 2995 1562 3049 deornm

415 3086 502 3140 catto.
522 3113 556 3126 -
573 3083 699 3138 incertae
717 3086 841 3138 moturae
860 3083 933 3140 levit.
952 3082 986 3157 ο.)
1005 3083 1071 3139 Liv.
1090 3083 1121 3154 (l.
1135 3085 1184 3152 m.)
1198 3085 1325 3154 adeoque
1338 3083 1564 3154 multifortumoe

415 3175 589 3230 adhaerebat
597 3173 723 3237 animem,
731 3189 785 3243 per
794 3172 894 3228 omnio
906 3189 1013 3244 penora
1023 3173 1100 3229 vitoe
1109 3189 1219 3241 emano,
1234 3173 1281 3228 ati
1292 3190 1344 3228 nco
1355 3173 1413 3230 eibi
1425 3190 1476 3228 nec
1494 3173 1562 3230 otiis

415 3264 538 3335 quinam
550 3267 633 3319 tomo
648 3265 718 3318 meet
730 3262 804 3318 satie
816 3267 967 3319 constaret.
978 3295 1010 3305 -
1022 3263 1115 3334 epnttb
1128 3261 1307 3336 intervenire]
1320 3262 1423 3334 Polyb.
1437 3262 1561 3334 (XXVI,

418 3356 432 3408 l
444 3353 488 3408 ed.
503 3349 665 3423 Hultsoh):
681 3353 721 3406 δτε
732 3353 758 3406 δέ
770 3361 818 3406 τῶν
830 3356 955 3427 νεωτέρων
966 3353 1085 3408 αἴσθοιτό
1095 3373 1164 3416 τινας
1173 3355 1419 3426 συνευωχουμένους,
1440 3353 1561 3426 οὐδεμίαν

416 3442 528 3514 ἔμφασιν
538 3445 649 3514 ποιήσας
658 3451 744 3514 παρῆν
757 3443 924 3514 ἐπικωμάζων
938 3446 1003 3513 μετὰ
1014 3443 1134 3516 κερατίου
1147 3443 1193 3496 καί
1204 3442 1346 3514 συμφυνίας
1359 3441 1407 3512 (cf.
1423 3441 1506 3498 Diod.
1516 3442 1560 3508 29,

416 3532 472 3604 32).
484 3562 516 3571 -
527 3532 567 3586 od
576 3530 781 3602 symphoniam
790 3547 820 3585 n.
832 3529 865 3603 3.]
885 3530 989 3602 Polyb.
1005 3530 1132 3602 (XXXI,
1142 3530 1172 3603 4)
1181 3547 1187 3585 :
1196 3534 1240 3586 καὶ
1249 3540 1298 3604 τῆς
1308 3529 1453 3604 συμφωνίας
1462 3551 1561 3603 προκοι-

418 3619 558 3693 λουμένης,
570 3619 745 3694 ἀναπηδήσας
756 3620 865 3692 ὠρχεῖτο
876 3621 919 3674 καί
930 3621 1076 3693 ὑπεκρίνετο
1088 3623 1215 3692 μετὰτῶν
1226 3619 1410 3694 γελωτοποιῶν,
1421 3623 1487 3674 ὥστε
1497 3623 1561 3676 ποίν-

417 3729 463 3772 τας
475 3709 673 3782 αἰσχυνομένους
683 3711 788 3782 φείνφειν.
800 3708 884 3764 Diod.
895 3709 1019 3782 (31,16);
1034 3713 1100 3782 μετὰ
1110 3719 1192 3765 ταῦτα
1201 3720 1250 3784 τῆς
1260 3709 1407 3784 συμφωνίας
1417 3710 1560 3784 προκαλου·

417 3801 500 3874 μένης
511 3797 628 3871 ἀνεπήδα
639 3801 736 3872 γυμνός
748 3797 804 3855 κτλ.
818 3829 851 3842 -
865 3799 975 3856 balneis
989 3831 1021 3840 -
1033 3798 1117 3874 freq]
1131 3799 1233 3872 Polyb.
1246 3799 1369 3873 (XXVI,
1381 3800 1441 3872 10):
1456 3799 1560 3856 ἐλούετο

418 3890 444 3944 δέ
462 3891 509 3944 κδν
527 3899 578 3952 τοῖς
593 3889 730 3964 δημοσίοις
745 3889 904 3960 βαλανείοις,
925 3889 966 3944 ὅτε
980 3889 1103 3963 δημοτῶν
1121 3887 1155 3963 ἦν
1168 3893 1200 3944 τὰ
1219 3890 1346 3961 βαλανεῖα
1359 3892 1560 3964 πεπληρωμένα,

416 3979 548 4053 κεραμίων
569 3977 754 4051 εἰσφερομένων
783 3978 852 4050 αὐτῷ
873 3979 957 4051 μύρων
968 3985 1019 4031 τῶν
1034 3977 1271 4034 πολυτελεστάτων.
1289 3977 1373 4046 Quod
1392 3980 1503 4034 attinet
1521 3978 1559 4034 ad

416 4067 508 4123 verba
526 4067 636 4124 balneis
654 4067 701 4123 on·
717 4065 753 4122 cf.
773 4066 892 4123 Celsum
910 4067 934 4136 Ι,
955 4069 970 4122 1
991 4085 1018 4139 p.
1037 4068 1080 4132 20,
1099 4068 1150 4138 313
1170 4067 1263 4124 Orelli
1284 4071 1375 4125 tneor.
1395 4070 1444 4124 tot.
1463 4085 1492 4123 n.
1504 4069 1558 4123 202

415 4174 435 4211 α
452 4157 482 4229 (a
501 4157 601 4212 Keilio
619 4157 764 4228 momen).
777 4189 812 4202 -
832 4158 990 4213 Asturcono
1004 4173 1147 4229 pompam
1165 4157 1287 4232 repebat]
1305 4159 1368 4213 Aut
1386 4160 1467 4213 inter
1485 4156 1559 4213 haec
1599 4177 1605 4188 ·

414 4247 506 4302 verba
525 4252 556 4301 et
568 4263 644 4317 quae
658 4251 826 4318 sequuntur
846 4264 897 4302 «oe
910 4246 1070 4303 simulabat
1078 4247 1159 4303 Hier.
1173 4270 1184 4298 ε
1202 4254 1259 4304 etc.
1269 4248 1369 4319 aliqua
1388 4253 1435 4304 est
1450 4248 1557 4304 lacuna

414 4336 539 4405 quaein
559 4335 621 4390 cod.
641 4352 700 4390 non
719 4340 852 4407 apparet,
872 4342 926 4391 aut
944 4335 1100 4391 fatendum
1119 4342 1165 4392 est
1185 4336 1374 4392 Licinianum
1394 4353 1442 4392 ree
1466 4353 1557 4392 asuo

413 4430 534 4480 anctore
553 4429 693 4480 narratas
722 4427 832 4480 mirum
861 4426 892 4481 in
921 4424 1041 4480 modum
1061 4427 1190 4498 epitome
1215 4425 1472 4482 circumscribere!
1491 4428 1556 4480 iure

413 4515 493 4568 enim
511 4531 655 4584 quaerere
674 4531 831 4586 possumus
851 4532 998 4586 quaenam
1023 4514 1144 4570 tandem
1164 4517 1204 4571 sit
1223 4516 1298 4570 haec
1314 4532 1424 4586 pmnpo
1443 4515 1479 4569 de
1499 4532 1557 4585 qua

412 4605 438 4660 is
458 4605 605 4676 loquatur.
616 4603 699 4671 Quod
712 4609 746 4659 ut
759 4606 897 4675 sciamus,
911 4604 1068 4678 Polybium
1082 4605 1165 4662 adire
1180 4605 1266 4663 nohis
1285 4623 1359 4678 opus
1372 4611 1419 4662 est
1437 4602 1555 4677 (XXXI
