3658 5424
761 497 920 556 ..11-

270 630 296 700 3,
314 631 351 704 4),
371 632 422 702 qui
441 635 547 686 narrat
566 630 749 687 Antiochum
769 629 902 703 Daphne,
922 631 1101 686 Antiochiae
1114 632 1144 686 in
1165 630 1315 694 suburbio,
1335 648 1413 702 pom·
1460 620 1462 630 '

270 737 323 791 pas
336 725 366 774 et
380 720 473 787 ludos,
487 721 594 792 quibus
608 720 639 774 P.
653 720 799 776 Aemilius
814 725 931 792 partam
945 721 1104 776 victoriam
1118 721 1289 792 Amphipoli
1305 737 1414 790 magno

271 816 417 881 apparatu
437 810 699 866 concelebraverat
718 810 758 882 (v.
777 809 843 866 Liv.
862 809 954 874 XLV,
973 810 1028 881 32),
1047 811 1162 864 imitari
1175 815 1213 878 61,
1228 812 1252 866 si
1267 809 1333 866 fieri
1352 827 1414 882 pos·

272 903 337 968 set,
355 899 511 971 splendore
537 915 678 972 superare
706 898 843 956 voluisse.
864 930 898 941 -
927 887 1096 963 Asturcone]
1125 901 1249 956 Asturco
1268 917 1360 971 equus
1378 901 1415 956 ab

271 989 434 1057 Aetnilius,
453 989 618 1060 Hispaniae
633 991 724 1062 pente,
743 991 822 1045 unde
839 989 925 1056 venit,
938 991 1110 1060 appellatas,
1124 989 1206 1046 molti
1216 993 1243 1044 et
1258 992 1414 1060 atomercto

270 1080 480 1136 alternantium
498 1097 620 1136 crurum
629 1095 722 1151 passa
740 1077 878 1136 incedens
891 1082 919 1135 et
930 1095 1065 1136 sessorem
1080 1095 1138 1134 non
1152 1079 1316 1135 succutiens
1329 1083 1415 1151 atque

271 1171 306 1224 ob
324 1169 356 1224 id
374 1187 480 1242 mapno
497 1171 530 1225 in
546 1170 641 1242 pretio
658 1171 774 1228 habitus
787 1171 826 1242 (v.
847 1169 972 1224 Porcell.
992 1168 1099 1225 De·Vit
1116 1169 1212 1240 Len).
1227 1169 1299 1224 Cum
1313 1173 1415 1224 autem

272 1264 414 1330 appareat
424 1261 623 1316 Asturconem
634 1259 691 1314 dici
701 1278 760 1316 non
770 1276 856 1332 posse
866 1259 951 1314 illum
959 1260 1033 1314 ἵππον
1047 1258 1137 1332 εὐτελῆ
1148 1264 1201 1313 661
1211 1257 1283 1314 illud
1295 1258 1415 1332 ἱππὰριον

272 1345 375 1410 εὐτελές
395 1365 453 1418 666
467 1351 546 1416 tunc,
559 1354 594 1402 nt
608 1349 733 1403 tradunt
746 1347 889 1420 Polybius
903 1347 935 1420 (l.
949 1347 999 1420 m.)
1012 1352 1043 1402 et
1055 1345 1204 1402 Diodorus
1219 1346 1347 1416 (XXXI,
1363 1346 1413 1415 16),

271 1435 437 1492 Antiochus
456 1454 528 1492 usus
541 1439 589 1505 sit,
604 1443 694 1508 atque
708 1439 799 1492 etiam
812 1437 996 1492 contrarium
1012 1434 1190 1508 significare,
1207 1437 1415 1492 existimamus

271 1524 327 1580 hoc
345 1525 522 1583 vocabulum
541 1529 701 1582 Asturcone
719 1525 908 1580 Licinianum
936 1527 967 1580 in
986 1527 1136 1596 epitomen
1156 1542 1240 1580 suam
1261 1525 1414 1596 integrum

271 1615 464 1670 transtulisse
475 1633 512 1670 ex
521 1615 619 1687 aliquo
631 1615 714 1671 fonte
726 1616 777 1688 (an
790 1615 879 1672 Livio
888 1614 913 1688 i)
924 1613 975 1670 ubi
986 1615 1018 1669 in
1036 1615 1177 1669 Latinam
1192 1613 1326 1686 linguam
1342 1631 1415 1669 con-

272 1721 393 1760 versum
404 1711 484 1762 esset
495 1705 573 1777 quod
585 1723 656 1763 vere
669 1706 748 1777 apud
761 1704 921 1777 Polybium
934 1705 1087 1776 legeretur
1099 1705 1118 1758 i.
1132 1721 1156 1760 e.
1168 1702 1341 1776 6666616616
1352 1703 1416 1759 sire·

272 1793 318 1867 16.
326 1795 508 1850 Antiochum
519 1797 598 1852 enim
609 1794 880 1868 splendidissimam
890 1794 972 1849 illam
983 1811 1120 1866 pompam
1131 1795 1262 1866 strigoso
1272 1793 1415 1849 mannulo

273 1883 453 1940 insidentem
467 1884 589 1942 duxisse
601 1887 654 1942 vix
666 1885 747 1940 credi
760 1890 875 1956 potest;
890 1902 950 1940 non
965 1890 1047 1940 recte
1062 1884 1157 1954 igitur
1170 1883 1291 1938 videtur
1305 1882 1340 1938 de
1360 1884 1416 1938 hac

273 1988 305 2030 re
316 1975 431 2046 opinari
441 1974 662 2030 Dieckmannus
671 1975 710 2046 (p.
722 1975 776 2041 17),
787 1991 854 2029 cum
864 1972 944 2047 dicat
954 1972 1032 2045 apud
1042 1972 1200 2044 Polybium
1210 1977 1242 2027 et
1252 1970 1415 2027 Diodorum

271 2063 346 2117 ἵππον
359 2063 452 2137 εὐτελῆ
467 2081 532 2120 esse
545 2062 711 2136 legendnm,
726 2081 793 2118 cum
807 2061 919 2134 aliquid
933 2061 1092 2118 ridiculum
1103 2061 1140 2116 de
1153 2061 1301 2117 Antiocho
1314 2059 1415 2116 afferri

274 2157 471 2224 expectemus
488 2185 518 2194 -
530 2152 694 2226 Hierapoli]
708 2177 719 2202 ιι
736 2155 805 2208 urbe
822 2169 933 2208 sacra›
957 2152 987 2206 in
1008 2151 1094 2206 Coele
1122 2150 1225 2222 Syria;
1245 2152 1288 2206 sic
1301 2169 1319 2206 a
1332 2149 1415 2206 cultu

273 2241 344 2297 deae
364 2243 503 2298 Asteries
521 2242 635 2310 urbem,
654 2243 701 2297 cui
720 2248 810 2297 antea
828 2242 978 2313 Bambyce
991 2257 1099 2296 nomen
1119 2245 1193 2309 erat,
1206 2257 1262 2294 rex·
1275 2239 1415 2295 Seleucus

272 2330 396 2386 Nicator
414 2331 559 2403 appellari
580 2331 682 2389 voluit.
701 2330 875 2386 Licinianus
895 2335 1004 2400 autern,
1016 2347 1082 2384 cum
1095 2329 1283 2399 Hierapolim
1302 2329 1415 2384 diceret

272 2421 376 2476 urbem
390 2438 455 2477 esse
470 2420 520 2476 ubi
534 2421 702 2477 Antiochus
715 2421 860 2492 templum
873 2420 986 2475 Dianae
997 2419 1219 2490 expoliavisset,
1234 2424 1288 2472 661
1302 2436 1320 2472 a
1332 2418 1415 2473 fonte

272 2527 322 2566 suo
344 2512 375 2566 in
395 2527 527 2566 errorem
546 2511 687 2567 inductus
706 2516 761 2580 est,
781 2515 842 2576 aut,
863 2509 941 2581 quod
960 2507 1133 2564 credibilius
1152 2514 1208 2576 est,
1227 2510 1347 2563 incaute
1367 2525 1415 2562 res

273 2603 444 2657 summatim
463 2602 658 2673 perscribens
687 2607 721 2656 ut
740 2600 819 2656 haud
846 2617 916 2656 raro
935 2601 963 2656 ei
982 2599 1099 2668 accidit,
1126 2598 1320 2670 Hierapolim,
1340 2615 1415 2668 6666

273 2689 350 2761 apud
368 2707 455 2746 suum
474 2697 627 2746 auctorem
646 2693 677 2746 in
696 2690 755 2746 alio
783 2691 929 2746 orationis
951 2693 1094 2744 contextu
1118 2687 1415 2757 commemorabatur,

273 2797 307 2834 ea
326 2781 398 2836 urbe
417 2781 552 2837 confudit
571 2781 621 2836 ubi
641 2781 809 2836 Antiochus
828 2786 1013 2852 postremum
1032 2776 1223 2849 sacrilegium
1246 2778 1414 2849 patravisse

273 2869 401 2926 videtur.
420 2871 466 2925 Ex
482 2871 575 2934 ,nullo
595 2870 653 2924 alio
682 2870 748 2925 loeo
775 2874 900 2940 apparet
930 2867 1112 2922 Antiochum
1140 2865 1340 2936 expoliavisse
1362 2869 1416 2920 aut

273 2959 422 3030 expoliare
442 2961 624 3030 cogitavisse
643 2958 787 3030 templum
814 2957 1085 3029 Hierapolitnnum.
1114 2955 1259 3026 Polybius
1287 2953 1415 3025 (XXXI,

275 3051 305 3102 ll
326 3047 362 3103 cf.
382 3067 448 3103 cum
468 3051 599 3104 Maccab.
619 3048 642 3116 I,
662 3051 688 3116 6,
708 3049 723 3102 1
743 3063 804 3118 sq.;
835 3047 893 3102 Ios.
913 3047 956 3101 Fl.
977 3049 1044 3101 An't.
1064 3045 1184 3113 nius,
1207 3047 1230 3111 1,
1250 3043 1329 3114 Sulp.
1349 3043 1416 3098 Sev.

273 3141 329 3193 cnr.
349 3139 389 3206 ΙΙ,
408 3140 451 3205 22,
470 3126 594 3193 Hieron.
608 3139 648 3193 ad
666 3141 746 3194 Dan.
767 3139 811 3208 11)
824 3142 929 3191 narrat
942 3135 1134 3203 Antiochum,
1149 3141 1182 3188 ut
1198 3134 1354 3204 pecuniam
1370 3150 1415 3188 co·

272 3233 365 3298 geret,
385 3228 530 3298 templum
550 3227 662 3282 Dianae
675 3228 706 3281 in
726 3225 882 3298 Elymaide
896 3223 1038 3280 invadere
1053 3224 1254 3290 constituisse,
1271 3221 1331 3291 sed,
1348 3239 1415 3276 cum

272 3318 303 3370 in
322 3318 474 3388 regionem
501 3317 695 3388 pervenisset,
716 3333 767 3387 spe
787 3314 904 3370 consilii
931 3312 1104 3385 perficiendi
1132 3313 1243 3367 amissa
1270 3311 1318 3383 (cf.
1337 3311 1414 3382 App.

272 3409 340 3478 Syr.
359 3407 413 3479 66),
433 3407 511 3478 quod
531 3406 659 3473 barbari,
679 3409 729 3477 661
749 3407 913 3460 circaeam
934 3405 1031 3460 locum
1050 3402 1236 3470 habitabant,
1256 3402 1415 3472 quominus

272 3496 416 3568 templum
434 3495 562 3551 violaret
581 3495 811 3567 prohibuissent,
832 3495 1000 3558 recessisse,
1019 3498 1108 3564 61666
1124 3491 1230 3555 Tabae,
1244 3490 1365 3546 Persiae
1383 3491 1414 3544 in
1447 3535 1450 3540 .

273 3585 387 3656 oppido,
408 3587 471 3642 vita
490 3585 662 3640 decessisse.
681 3584 747 3639 Hoc
766 3584 943 3656 Elymaeum
973 3581 1118 3653 templum
1146 3580 1232 3651 quod,
1252 3578 1415 3635 secundum

273 3673 439 3744 Polybium,
458 3673 615 3742 Artemidi,
643 3673 806 3730 secundum
826 3674 1003 3744 Appianum,
1023 3651 1187 3750 Aphroditi
1203 3686 1320 3725 sacrum
1340 3673 1414 3737 erat,
1476 3667 1493 3708 1²

271 3762 349 3817 idem
368 3769 415 3818 est
433 3762 511 3834 quod
530 3764 659 3834 scriptor
674 3763 800 3818 alterius
814 3764 1056 3818 Maccahaeorum
1074 3759 1255 3832 libri(1,13)
1270 3758 1414 3829 templum

273 3850 393 3906 Naneae
412 3851 543 3923 appellat
561 3850 738 3922 (Babylonia
756 3850 820 3920 dea,
839 3848 951 3918 Narnia,
971 3848 1049 3921 apud
1068 3847 1227 3920 Polybium
1245 3847 1349 3903 eadem
1368 3852 1416 3902 est

273 3957 348 4010 quae
366 3940 503 4014 Ἄρτεμις,
521 3941 600 4012 apud
620 3942 788 4012 Appianum
808 3956 884 4011 6666
902 3939 1049 4012 Ἀφροδίτη
1068 3956 1097 3993 v.
1116 3937 1150 3991 Ε.
1170 3937 1273 4008 Meyer
1293 3938 1324 3992 in
1343 3939 1416 3993 Len.

272 4031 384 4096 Mitiol,
403 4030 549 4086 Roscheri
568 4049 596 4102 p.
618 4031 690 4102 646),
709 4031 808 4102 ibique
827 4030 878 4086 ille
897 4029 1089 4086 6611616666
1108 4026 1270 4084 accidisse:
1291 4029 1364 4085 Cum
1383 4027 1416 4082 in

273 4120 394 4176 Perside
413 4123 485 4175 esset
501 4121 566 4175 duaa
584 4119 646 4190 ipse
664 4119 855 4192 (Antiochus)
869 4123 896 4175 et
913 4135 980 4175 cum
994 4118 1059 4190 ipsa
1082 4118 1241 4175 immensas
1263 4117 1415 4186 exercitas,

272 4209 374 4264 cecidit
391 4208 424 4264 in
442 4209 548 4280 tempto
566 4211 688 4266 Nancae
706 4207 825 4265 consitio
845 4210 987 4280 deceptus·
1001 4209 1184 4264 sacerdotum
1199 4209 1330 4262 Naneae.
1350 4209 1415 4263 Ete-

273 4296 335 4354 nim
353 4315 419 4354 cum
438 4315 472 4353 ea
498 4297 683 4354 habitaturus
700 4297 779 4353 uenit
796 4299 836 4354 ad
854 4301 947 4354 locam
970 4296 1130 4353 Antiochus
1149 4295 1282 4352 atanici
1299 4295 1368 4364 eius,
1388 4297 1415 4351 et

273 4390 306 4442 ut
323 4387 465 4459 acciperet
478 4388 622 4458 pecunias
634 4390 742 4443 inultas
755 4387 831 4443 dotis
843 4388 980 4457 nomine;
1001 4403 1123 4458 cumque
1133 4385 1355 4457 proposuissent
1367 4400 1415 4439 eas

273 4479 432 4534 sacerdotes
449 4481 576 4547 Naneae,
596 4477 702 4550 etipse
720 4496 786 4534 carn
802 4477 908 4549 paucis
925 4477 1074 4549 inpressas
1092 4481 1165 4533 esset
1176 4476 1255 4532 intra
1273 4475 1415 4530 ambitum

271 4567 349 4638 fani,
358 4571 525 4625 desserant
539 4571 685 4640 temptum,
696 4585 762 4625 curn
772 4568 908 4626 intrasset
917 4567 1075 4626 Antiochus
1078 4605 1140 4625 .......
1153 4566 1294 4623 mittentes
1302 4563 1415 4636 lapides
