3658 5424
773 443 933 503 ...19-

324 575 355 626 Β.
373 575 423 640 aes]
442 573 480 624 M.
497 570 635 638 correxit3
659 572 724 623 EST
747 569 807 624 cod.
823 601 854 611 -
872 575 987 646 εὐπάτωρ
1003 573 1157 639 appellatus]
1177 573 1216 624 M.
1233 602 1263 612 -
1279 568 1429 642 denegabat]

278 651 403 717 Keilius3
419 651 526 714 nepabat
539 653 577 716 Β,
594 649 709 714 iungebat
720 649 780 702 cod.
791 657 820 702 et
831 668 863 716 p.‚
881 651 931 716 qui
947 651 1055 704 addere
1066 653 1097 704 in
1114 651 1179 703 adn.
1194 654 1270 703 imum
1284 669 1344 703 aero
1355 671 1368 701 a
1380 669 1429 702 nen

278 732 393 796 iungebat
404 750 417 782 u
434 731 551 794 maluit,
569 748 671 796 quam,
688 730 764 796 quod
780 733 811 782 B.
823 731 904 784 facile
929 737 1099 797 potuerunt,
1117 732 1220 784 codicis
1237 733 1385 785 lectionem
1397 749 1425 784 e-

278 815 464 865 mendara·
484 814 629 878 puerulum]
647 813 694 877 B.;
707 829 819 875 puerum
840 813 879 864 M.
900 818 928 864 et
944 830 1011 878 5.-
1028 816 1116 880 aetate]
1144 815 1182 876 Β,
1198 820 1304 866 autenm
1320 813 1379 865 cod.
1397 841 1428 850 -

272 897 391 959 patriam
406 895 455 944 sibi
468 895 529 960 iam]
548 894 593 944 Sic
607 909 658 958 ego
674 893 766 944 scribo
783 910 833 958 pro
849 895 969 956 patriam
985 895 1033 944 sibi
1044 896 1119 945 etiam
1135 912 1152 946 a
1168 894 1228 946 eod.
1245 893 1312 946 dato
1331 910 1426 946 serva-

278 981 364 1040 toque
378 991 394 1024 a
410 991 435 1038 p.
451 977 480 1024 et
496 976 534 1038 B.;
550 974 749 1038 Mommsenus,
766 974 917 1025 verborum
934 973 1032 1025 ordine
1043 979 1162 1038 mutato,
1179 976 1339 1040 proposuit:
1353 990 1428 1036 prae·

277 1056 381 1118 dicaret,
398 1061 420 1106 et
435 1055 489 1104 iam
505 1054 615 1106 Romam
630 1055 745 1116 patriam
760 1053 809 1104 sibi
830 1071 897 1114 esser
913 1060 943 1104 at
960 1060 982 1104 et
999 1056 1035 1106 ab
1053 1071 1223 1106 amanuense
1240 1054 1307 1105 addi
1325 1053 1427 1119 potuit,

278 1141 311 1186 ut
327 1137 402 1186 etiam
419 1135 542 1185 haberet.
559 1163 590 1172 -
644 1171 650 1186 .
663 1170 686 1185 ..
703 1171 709 1186 .
725 1135 732 1201 l
749 1135 796 1201 B.;
813 1133 1021 1187 Hirschfeldius
1042 1135 1200 1201 supplevit:
1225 1137 1429 1188 misericordiam

279 1221 393 1281 5555555,
409 1216 492 1268 MIS.
509 1253 534 1267 ..
551 1215 612 1268 cod.

420 1353 524 1364 ——un

334 1417 369 1471 A.
389 1419 423 1472 P.
442 1415 574 1490 Lentulo]
593 1415 667 1471 Cum
686 1417 824 1472 consules
838 1417 869 1472 P.
889 1415 976 1472 Corn.
996 1416 1093 1488 Scipio
1107 1417 1216 1472 Nasica
1230 1422 1260 1472 et
1275 1418 1305 1472 O.
1325 1419 1364 1472 M.
1379 1419 1425 1474 Fi·

187 1506 190 1511 ’
281 1505 378 1576 guina,
406 1524 481 1576 quos
508 1506 662 1562 Gracchus
690 1505 833 1562 docuerat
852 1508 927 1562 vitio
955 1511 1072 1562 creatos
1092 1523 1165 1576 esse,
1185 1524 1217 1562 se
1246 1509 1427 1579 magistratu

281 1595 511 1665 abdicavissent,
540 1597 677 1652 consules
696 1595 814 1652 suffecti
841 1603 913 1652 sunt
939 1599 970 1652 in
998 1615 1109 1651 annum
1129 1598 1181 1651 592
1201 1597 1251 1652 (iu.
1275 1597 1425 1653 Domitius

284 1684 478 1740 Aenobarbus
498 1691 529 1740 et
548 1685 581 1740 Ρ.
605 1685 761 1740 Cornelius
779 1685 936 1741 Lentulus.
958 1718 990 1726 -
1013 1702 1072 1741 non
1092 1686 1155 1755 fuit
1174 1686 1374 1760 omittendum]
1397 1705 1425 1742 v.

281 1773 355 1845 disp.
375 1781 510 1830 nostram
529 1776 560 1829 in
580 1774 695 1831 Rivista
706 1775 740 1830 eli
757 1774 903 1846 Filclopia
923 1775 942 1828 1.
959 1793 999 1829 m.
1018 1794 1044 1847 p.
1063 1775 1125 1830 281.
1136 1807 1169 1816 -
1185 1779 1285 1831 claras
1303 1777 1349 1832 vir
1365 1777 1427 1846 fuit

282 1867 308 1918 et
325 1883 348 1921 r.
366 1882 396 1936 p.
417 1863 502 1938 iuirit]
530 1881 662 1920 summas
688 1864 792 1920 laudes
821 1867 849 1918 ei
879 1865 987 1918 tribuit
1009 1867 1100 1920 etiam
1120 1865 1240 1936 Cicero,
1260 1869 1309 1936 qui
1329 1866 1426 1922 virum

281 1955 455 2026 reipublicae
480 1954 693 2025 peritissimum
720 1958 747 2009 et
773 1955 948 2024 reipublicae
968 1959 1104 2010 rectorem
1133 1959 1158 2010 et
1185 1957 1300 2012 consilii
1316 1955 1427 2026 publici

282 2048 427 2100 auctorem
445 2062 533 2116 saepe
548 2061 615 2100 eum
636 2051 724 2100 vocat
749 2045 793 2115 (v.
816 2046 851 2100 de
872 2047 950 2100 Orat.
974 2042 997 2112 l,
1016 2045 1059 2112 48,
1079 2046 1130 2099 211
1154 2051 1185 2100 et
1211 2047 1342 2116 passim),
1362 2046 1426 2116 ple-

283 2153 408 2206 rumque
436 2153 508 2190 vero
532 2134 682 2205 principis
708 2139 829 2190 senatus
853 2136 972 2188 nomine
999 2133 1138 2206 designat
1165 2135 1211 2207 (de
1238 2138 1315 2191 Orat.
1349 2135 1368 2190 l.
1388 2154 1425 2192 m.

282 2226 370 2280 Brut.
391 2224 536 2293 XXVIII,
556 2225 625 2293 108;
644 2227 680 2280 de
698 2227 749 2295 lep.
768 2241 829 2294 apr.
843 2223 882 2290 ΙΙ,
903 2223 945 2292 30,
959 2223 1012 2292 82).
1032 2223 1229 2295 Optimatium
1242 2223 1351 2292 fautor,
1370 2242 1426 2278 an-

282 2334 321 2371 no
339 2315 392 2373 633
411 2316 443 2369 in
462 2315 638 2370 Gracchano
658 2314 791 2368 tumultu
816 2314 992 2369 vulneratus
1018 2315 1106 2386 paulo
1126 2320 1194 2386 post
1214 2320 1350 2369 mortuus
1370 2321 1425 2370 est.

283 2437 316 2447 -
333 2405 464 2476 praetori
480 2404 602 2479 urbano]
621 2423 700 2460 auno
720 2405 773 2458 589
803 2403 966 2459 secundum
995 2404 1213 2460 Mommsenum
1232 2404 1280 2476 (R.
1300 2404 1347 2458 Gr
1367 2404 1425 2460 vol.

282 2495 331 2563 ΙΙ,
351 2515 377 2566 p.
397 2495 459 2567 92),
480 2497 531 2565 qui
550 2494 586 2572 de
615 2513 689 2566 agro
709 2494 859 2566 Campano
879 2494 1082 2565 recuperando
1101 2494 1171 2548 dum
1200 2493 1351 2566 loquitur,
1371 2495 1426 2550 hac

282 2585 430 2640 Liciniani
449 2585 622 2639 narratione
635 2586 740 2652 utitur,
755 2601 813 2654 qua
832 2583 906 2638 haec
922 2601 939 2636 a
958 2583 1099 2638 Oicerone
1112 2584 1225 2638 tradita
1239 2585 1426 2656 complentur

283 2675 352 2748 (Cic.
371 2677 406 2730 de
425 2677 474 2745 lep.
494 2691 555 2745 apr.
574 2673 615 2742 ΙΙ,
634 2675 677 2742 30,
695 2675 758 2744 Sti:
786 2691 853 2729 eum
872 2691 891 2728 a
910 2673 1070 2730 maioribus
1087 2674 1195 2730 nostris
1218 2676 1255 2734 P.
1275 2677 1425 2743 Lcrztutus,

282 2765 335 2835 qui
348 2763 486 2835 princeps
503 2767 623 2819 senatus
639 2764 708 2834 fait,
728 2763 760 2820 in
782 2781 815 2819 ea
834 2767 896 2818 loca
924 2763 1031 2819 missus
1050 2768 1127 2830 esset,
1141 2768 1175 2819 at
1189 2765 1323 2835 privatos
1341 2781 1426 2835 apros

282 2854 335 2926 qui
351 2854 383 2910 in
397 2854 549 2924 publicum
570 2855 754 2924 Campanum
782 2853 979 2922 incurrebant,
1001 2854 1130 2924 pecunia
1145 2854 1265 2925 publica
1283 2857 1425 2922 coemeret,

282 2942 390 2998 dicitur
406 2942 588 2998 renuntiasse
607 2948 662 2997 etc.
682 2942 785 3012 Neque
805 2959 871 2996 cum
891 2943 938 2998 his
958 2947 1094 3014 pugnant
1113 2961 1188 3014 quae
1207 2942 1285 3014 apud
1304 2943 1425 2996 Livium

282 3031 390 3104 (XLII,
412 3033 456 3104 19)
483 3032 626 3103 leguntur
644 3035 663 3086 i.
683 3050 706 3089 e.
723 3049 777 3104 per
795 3033 1017 3104 recoquitionem
1045 3033 1193 3088 Postumii
1213 3034 1314 3088 Albini
1334 3033 1426 3104 (cons.

282 3141 361 3177 anno
380 3122 444 3194 581)
462 3140 601 3193 acapnum
618 3125 732 3192 partem
751 3123 818 3194 apri
837 3123 985 3194 Campani
1001 3140 1087 3194 quem
1102 3123 1217 3194 priuati
1243 3123 1306 3178 sine
1328 3123 1426 3178 discri-

280 3212 358 3268 mine
374 3213 487 3282 passim
503 3215 699 3282 possederant,
719 3216 919 3282 recuperatam
941 3213 974 3268 in
999 3213 1150 3284 publicum
1170 3229 1238 3277 esse,
1257 3215 1300 3267 M.
1319 3215 1426 3268 Luere-

283 3303 356 3357 tium
375 3305 472 3358 antem
491 3301 641 3358 tribunum
657 3303 750 3372 plebis
763 3302 922 3372 posteriore
940 3318 1019 3356 anno
1045 3302 1121 3373 (582)
1143 3301 1376 3372 promulpavisse
1394 3304 1428 3356 ut

282 3409 387 3462 aprum
408 3394 592 3466 Campanum
611 3409 741 3448 censores
757 3393 919 3462 fruendum
938 3395 1072 3446 locarent.
1092 3391 1177 3460 Nam,
1192 3397 1260 3461 post
1279 3390 1426 3445 Postumii

282 3482 547 3552 recuperationem,
561 3499 628 3536 cum
642 3499 828 3553 possessores
842 3484 1024 3538 mansissent
1038 3483 1069 3536 in
1084 3499 1157 3552 agro
1172 3484 1231 3535 iarn
1245 3480 1426 3552 reipublicae

282 3571 449 3642 adsignata,
468 3571 628 3626 Lucretius
652 3572 717 3644 lege
744 3589 798 3627 sua
817 3577 851 3626 ut
870 3589 943 3644 agro
963 3571 1104 3626 cederent
1126 3588 1176 3626 eos
1195 3587 1302 3642 cogere
1321 3571 1426 3624 voluit.

284 3660 416 3726 Quicum
426 3661 504 3732 apud
519 3667 657 3716 senatum
666 3663 787 3734 gravati
801 3669 902 3717 essent
916 3663 1006 3716 etiarn
1019 3663 1153 3732 privatos
1167 3679 1231 3716 esse
1245 3677 1333 3732 agros
1347 3661 1427 3714 inter

283 3753 465 3823 reciperatas
484 3766 558 3818 quos
577 3753 641 3806 iure
660 3769 714 3807 suo
733 3751 913 3821 obtinerent,
933 3755 1119 3818 senatusut
1139 3767 1202 3805 rem
1228 3754 1426 3822 componeret,

282 3841 445 3896 Lentulum
464 3843 628 3914 principem
647 3847 770 3898 senatus
789 3843 861 3914 (non
888 3843 1017 3897 fortasse
1033 3845 1196 3912 praetorem
1220 3844 1373 3906 urbanum,
1393 3847 1427 3892 ut

282 3931 456 3986 Licinianus
475 3931 559 4002 dicit)
579 3933 696 3987 misisse
720 3932 848 3998 videtur,
869 3934 919 4004 qui
932 3950 1039 4003 agrum
1054 3933 1104 4002 qui
1119 3930 1270 3985 diceretur
1289 3932 1426 4002 privatus

284 4027 440 4090 coemeret,
460 4021 511 4076 sed
531 4022 687 4077 fruendum
700 4023 884 4094 relinqueret
903 4021 1123 4094 possessoribus
1140 4038 1264 4076 «annuo
1273 4021 1367 4091 pretio
1386 4021 1427 4075 in·

283 4111 367 4166 dicto.
381 4134 392 4159 »
411 4143 444 4151 -
458 4128 562 4182 aprum
570 4111 765 4186 Campanum]
778 4113 860 4183 Ager
874 4111 990 4183 Capuae
1004 4117 1035 4165 et
1048 4111 1244 4164 finitimarum
1260 4111 1427 4176 civitatum,

282 4201 333 4272 qui
352 4218 430 4254 anno
450 4200 502 4254 543
521 4219 548 4255 u.
569 4219 641 4272 ager
660 4201 796 4272 publicus
810 4201 1008 4257 denuntiatus
1028 4206 1101 4266 erat,
1117 4199 1310 4270 sequentibus
1331 4201 1426 4270 reipu-

282 4290 376 4345 blicae
396 4291 580 4362 temporibus
594 4293 754 4345 maximam
768 4293 928 4364 partemin
943 4293 1130 4362 privatorum
1144 4290 1361 4360 possessionem
1377 4306 1426 4342 ve·

284 4386 369 4435 nerat
382 4381 513 4452 (Momm.
524 4381 542 4434 l.
553 4382 612 4452 m).
622 4411 652 4428 ‹-
667 4381 747 4436 milia
757 4379 985 4454 quinquaqinta]
999 4379 1081 4436 milia
1090 4379 1270 4434 addiderunt
1279 4378 1311 4432 B.
1325 4377 1426 4433 verbis

283 4470 433 4527 Ciceronis
447 4473 510 4526 nixi
522 4471 574 4544 (ad
586 4473 644 4527 Att.
657 4471 696 4538 Il,
709 4471 750 4536 16,
763 4473 804 4542 1);
819 4471 913 4527 ornnis
925 4469 1101 4540 exspectatio
1113 4469 1277 4541 tarpitionis
1289 4467 1425 4539 aprariac

282 4560 315 4618 in
333 4577 438 4634 aprum
459 4563 644 4635 Campanum
663 4561 777 4618 videtur
795 4578 853 4618 esse
870 4560 1011 4629 derivata,
1025 4544 1079 4633 qui
1096 4575 1164 4634 aper
1182 4562 1216 4615 ut
1233 4559 1309 4616 dena
1323 4558 1424 4631 inpera
