3658 5424
837 859 944 935 LIB.
973 859 1144 937 XXXV.

492 1143 564 1208 Fol.
590 1143 652 1206 III
672 1163 711 1224 r.,
731 1163 810 1227 pay.
837 1145 884 1206 39
901 1164 949 1228 μ,
969 1162 1049 1226 paq.
1076 1143 1123 1206 29
1147 1142 1186 1205 B.

425 1303 467 1368 A.
491 1302 607 1387 itaque
624 1325 684 1389 per
701 1301 833 1385 aliquot
849 1300 921 1364 dies
938 1299 1108 1365 exercitus
1133 1299 1206 1364 sine
1231 1299 1315 1364 duce
1332 1297 1412 1364 fuit.
1429 1304 1463 1362 et
1479 1297 1560 1384 quia

492 1409 607 1476 sanari
631 1409 736 1474 nimis
760 1409 853 1472 lente
877 1408 1069 1494 videbatur,
1096 1408 1271 1473 decretum
1296 1413 1347 1472 est
1371 1414 1409 1472 ut
1426 1409 1463 1474 C.
1482 1408 1560 1472 Cas-

493 1517 563 1582 sius
586 1515 621 1580 in
648 1522 759 1580 castra
783 1515 907 1579 missus
938 1515 1128 1580 exercitum
1160 1514 1357 1601 susciperet,
1393 1513 1476 1578 dum
1499 1513 1559 1578 ille

492 1624 755 1690 convalesceret.
781 1622 825 1686 od
849 1645 949 1708 quern
975 1622 1161 1710 Pompeius
1185 1622 1348 1687 nuntium
1366 1627 1508 1709 repente
1525 1643 1559 1685 se

492 1730 596 1816 erigit
622 1779 1256 1797 .............................
1281 1752 1352 1794 esse
1377 1734 1559 1794 contentus

493 1888 1171 1906 ...............................
1201 1836 1436 1902 adulescentes
1460 1838 1560 1901 Pom·

492 1945 569 2032 peio
595 1995 715 2012 ......
732 2000 735 2005 .
752 1994 1273 2012 ........................
1302 1941 1428 2029 Cassio.
1455 1942 1558 2008 tertio

492 2059 570 2141 post
593 2051 694 2116 illum
720 2051 811 2116 diem
835 2052 1020 2138 Pompeius
1045 2051 1206 2138 spiritum
1223 2050 1349 2116 reddit.
1363 2049 1438 2114 eius
1455 2049 1559 2114 funus

491 2159 639 2248 populus
653 2209 861 2225 ..........
887 2157 1042 2244 diripuit,
1068 2165 1308 2242 mortuumque
1332 2157 1421 2222 lecto
1446 2156 1560 2222 decus-

492 2290 567 2332 sum
591 2289 653 2352 per
675 2288 819 2330 caenum
834 2264 970 2330 trahere
986 2287 1057 2330 non
1074 2265 1218 2330 destitit.
1244 2263 1404 2330 omnibus
1421 2287 1560 2329 consen-

491 2373 657 2438 tientibus
682 2371 825 2458 dignam
843 2372 936 2437 caelo
953 2395 1098 2460 poenam
1116 2378 1151 2436 et
1167 2371 1331 2458 perfidiae
1345 2377 1379 2437 et
1391 2370 1559 2437 avaritiae

491 2479 677 2566 pessimum
702 2478 878 2544 hominem
900 2478 1112 2566 expendisse.
1138 2479 1196 2544 sed
1219 2485 1333 2566 patres
1357 2485 1392 2543 et
1415 2477 1556 2563 tribuni,

425 2588 466 2654 B.
489 2609 642 2674 repressa
666 2586 900 2672 multitudine,
927 2586 1072 2652 cadaver
1093 2589 1096 2673 Ι
1118 2610 1220 2674 super
1235 2585 1380 2672 ingestis
1396 2591 1558 2650 texerunt

490 2695 651 2780 vestibus,
677 2693 912 2779 traditumque
936 2701 987 2759 est
1010 2694 1047 2758 in
1071 2694 1232 2759 lecticula
1264 2693 1558 2779 vulgariter-eum

491 2802 619 2865 elatum
644 2801 840 2886 sepulturae
864 2800 994 2866 datum.
1013 2802 1241 2888 Pompeianos
1266 2801 1429 2866 Octavius
1446 2800 1483 2864 in
1497 2822 1558 2864 sua

488 2913 600 2972 castra
623 2906 786 2973 traducit.
812 2913 846 2971 et
862 2907 978 2994 copias
1003 2909 1163 2973 Metellus
1181 2915 1299 2973 contra
1317 2907 1466 2973 Cinnam
1483 2929 1558 2993 pro-

489 3014 643 3103 duxerat,
669 3037 747 3078 cum
778 3013 908 3079 milites
933 3021 1073 3102 repente
1097 3014 1274 3081 ordinibus
1298 3015 1382 3080 totis
1406 3015 1556 3080 clamore

488 3121 676 3186 exercitum
701 3121 833 3186 Cinnae
857 3123 1012 3189 salutant
1035 3129 1069 3187 et
1093 3123 1337 3189 resalutantur.
1361 3123 1504 3188 territus
1522 3146 1557 3188 re

488 3250 578 3294 nova
602 3229 763 3293 Metellus
785 3229 975 3295 exercitum
1001 3230 1135 3295 reducit
1159 3235 1261 3315 atque
1284 3230 1358 3316 ipse
1383 3230 1475 3294 inter
1490 3230 1557 3316 pri-

490 3358 563 3400 mos
588 3335 631 3400 ad
655 3334 803 3401 Cinnam
821 3335 862 3400 de
879 3359 962 3423 pace
987 3338 1141 3422 legatum
1158 3339 1197 3404 P.
1215 3338 1375 3402 Crassum
1393 3336 1557 3406 decernit.

490 3465 642 3528 regresso
667 3444 788 3509 Crasso
804 3495 810 3508 .
827 3496 832 3509 .
848 3497 855 3510 .
873 3467 912 3509 ac
936 3444 1098 3531 iurgante
1122 3468 1200 3510 cum
1224 3445 1365 3511 Metello
1391 3496 1555 3512 ........

491 3658 672 3723 commisso
697 3681 775 3722 cum
805 3658 961 3726 Fimbria
989 3660 1122 3747 proelio
1144 3659 1288 3748 infelici,
1318 3666 1371 3726 ter
1400 3659 1556 3727 devictus

490 3786 599 3849 neque
623 3764 762 3852 occisus,
789 3789 866 3830 cum
891 3768 1052 3833 Metellus
1068 3819 1261 3836 .........
1368 3818 1557 3836 .........

463 4071 494 4117 Α.
511 4065 707 4130 Compluribus
724 4065 810 4118 huius
825 4067 972 4120 columnae
997 4068 1064 4120 locis
1088 4067 1175 4120 codex
1192 4074 1243 4120 aut
1260 4068 1380 4120 mutilus
1397 4075 1448 4120 aut
1465 4084 1562 4120 corru-

416 4153 482 4211 ptus
499 4152 548 4198 est.
564 4175 593 4184 -
611 4148 695 4208 itaque
702 4148 760 4211 per]
774 4149 803 4197 B.
818 4183 838 4192 -
852 4152 978 4200 exercilus
989 4179 1018 4187 -—
1030 4150 1218 4216 corrcalesceret]
1232 4150 1271 4201 sic
1283 4150 1376 4214 potius
1393 4151 1562 4200 sententiam

415 4245 500 4293 quam
517 4231 629 4278 textum
647 4224 700 4275 loci
717 4227 811 4276 mutili
829 4237 857 4279 et
874 4229 1079 4294 corruptissimi
1091 4230 1280 4280 restituerunt
1296 4231 1333 4292 B„
1350 4229 1404 4279 nisi
1422 4231 1496 4294 quod
1513 4229 1562 4279 ubi

414 4309 455 4359 illi
470 4328 482 4355 1(
495 4309 557 4371 quia
572 4306 663 4356 sanari
677 4322 725 4355 non
740 4324 812 4368 posse
829 4309 960 4360 videbatur
971 4329 984 4358 1
999 4311 1137 4372 scribunt,
1155 4327 1205 4360 nos
1218 4332 1229 4354 ι
1242 4312 1303 4371 quia
1314 4311 1406 4360 sanari
1414 4311 1490 4360 nimis
1503 4310 1563 4359 lente

412 4390 564 4441 videbatur»
586 4385 745 4450 conicimus
764 4405 829 4439 nam
846 4391 876 4440 B.
889 4390 970 4441 lectio
982 4407 1046 4441 cum
1058 4391 1186 4456 sequenti
1203 4391 1284 4440 «dum
1299 4390 1343 4439 ille
1359 4390 1560 4441 convalesceret·

414 4471 518 4522 mirum
530 4470 560 4520 in
572 4470 686 4523 modum
696 4474 814 4534 pugnat.
823 4499 852 4507 -
862 4471 898 4521 ad
908 4489 980 4534 quem
992 4472 1129 4534 Pompeius
1145 4471 1266 4534 nuntium]
1277 4473 1314 4535 B.;
1325 4471 1361 4520 ad
1372 4487 1448 4533 quam
1462 4469 1493 4520 P.
1511 4487 1564 4520 rem

412 4553 523 4604 Keilius
539 4557 575 4616 (p.
588 4555 652 4618 cn).
663 4582 694 4594 -
706 4587 812 4604 .......
826 4552 882 4603 duo
894 4553 980 4604 verba
992 4567 1064 4616 quae
1075 4557 1137 4617 post
1152 4568 1200 4602 «se
1210 4551 1286 4613 ericii
1299 4569 1311 4598 1
1323 4551 1415 4615 prima
1428 4551 1457 4601 in
1469 4549 1562 4602 codice
