3658 5424
679 899 786 1010 mn.
816 933 1015 1011 xxviii.

346 1216 417 1286 roz.
442 1219 498 1284 IX
517 1240 557 1300 u,
581 1237 657 1303 pap.
682 1218 727 1282 31
747 1239 794 1303 p,
815 1236 895 1302 pop.
925 1217 966 1280 11
992 1217 1030 1281 B.

278 1396 321 1466 A.
347 1447 738 1468 ..................
751 1394 942 1463 Aemiliam
964 1396 1118 1462 nobilem
1141 1394 1309 1463 feminam
1326 1417 1409 1481 rogo

345 1505 547 1594 impositam
570 1503 765 1572 tubicinum
789 1509 958 1570 concentu
982 1509 1176 1569 memorant
1200 1502 1397 1570 excitatam.

389 1616 442 1679 De
458 1612 620 1680 Oorfidiis
637 1611 804 1679 fratribus
820 1612 919 1699 quasi
943 1611 1063 1679 fabula
1086 1619 1148 1678 cst.
1165 1611 1276 1680 maior
1291 1611 1408 1696 frater,

344 1720 469 1787 herede
485 1720 618 1787 minore
634 1719 738 1799 facto,
751 1727 908 1786 mortuus
924 1726 1007 1805 erat,
1021 1721 1178 1806 lectoque
1191 1725 1409 1805 testamenta

344 1827 474 1895 revixit
497 1827 624 1915 maior3
650 1852 670 1896 a
693 1827 801 1894 fratre
826 1828 875 1894 ait
899 1851 935 1894 se
957 1827 1154 1915 dimissum;
1181 1850 1259 1893 eum
1283 1827 1411 1916 petisse

343 1935 455 2002 decies
483 1935 598 2002 funeri
626 1941 827 2022 erogaretur
854 1941 889 2001 et
916 1937 1031 2002 locum
1059 1935 1230 2001 indicasse
1257 1935 1412 2002 thesauri

344 2048 378 2108 et
391 2042 503 2108 filiam
521 2042 792 2110 commendasse.
809 2065 931 2108 aurum
948 2043 1126 2130 praedicto
1142 2043 1217 2109 loco
1235 2048 1411 2129 repertum

342 2156 377 2216 et
399 2149 508 2217 frater
521 2150 618 2216 heres
634 2150 816 2238 repentino
833 2156 989 2216 mortuus
1005 2150 1196 2215 nuntiatur.
1220 2152 1224 2236 Ι

274 2260 316 2325 Β.
385 2259 498 2324 Multa
512 2309 631 2326 ......
650 2256 843 2324 omittenda
872 2258 909 2322 in
933 2257 987 2322 his
1016 2257 1170 2323 historiis
1199 2255 1409 2323 existimavi.

342 2389 406 2432 nec
429 2365 621 2454 opplendae
635 2371 715 2430 sunt
727 2365 925 2432 huiusmodi
943 2365 1200 2452 cognitionibus
1218 2364 1405 2452 chartulae,
1443 2391 1447 2400 ¹

342 2497 420 2539 curn
435 2474 519 2540 satis
533 2526 539 2538 .
555 2525 561 2540 .
577 2527 583 2540 .
599 2524 608 2542 .
625 2496 697 2560 usu,
715 2473 774 2538 sed
790 2479 887 2560 gesta
905 2524 1002 2542 .....
1021 2496 1041 2539 a
1057 2473 1245 2540 maioribus
1268 2478 1406 2537 tantum

341 2580 442 2648 modo
467 2603 552 2670 opus
576 2581 733 2648 fuitnos
759 2604 1002 2668 recognoscere
1025 2589 1194 2669 quantum
1218 2581 1405 2649 memoriae

340 2689 476 2758 tradere
489 2742 633 2760 .......

342 2847 575 2867 ...........
590 2799 625 2864 se
649 2820 727 2865 oum
752 2800 937 2886 augurales
964 2800 1070 2867 libros
1094 2801 1226 2886 legeret
1249 2798 1405 2864 consules

340 2903 427 2970 vitio
444 2909 575 2972 creatos
591 2928 663 2971 esse
679 2905 829 2994 doctum,
846 2905 938 2992 quod
962 2908 1073 2973 denuo
1091 2912 1188 2972 extra
1212 2904 1405 2992 pomerium

340 3011 512 3100 auspicari
543 3012 717 3080 debuisset
741 3038 819 3080 oum
842 3015 887 3080 ad
910 3013 1068 3082 habenda
1092 3014 1130 3079 in
1154 3036 1276 3101 campo
1301 3013 1404 3079 comi-

338 3119 390 3185 tia
413 3121 658 3203 contenderet,
683 3122 849 3210 quoniam
872 3123 1066 3210 pomerium
1091 3123 1172 3188 finis
1195 3128 1284 3187 esset
1306 3125 1405 3190 urba-

338 3249 461 3293 norum
490 3229 732 3317 auspiciorum.
757 3254 793 3296 se
815 3253 896 3296 vero
924 3230 961 3294 in
986 3229 1073 3296 villa
1097 3229 1270 3318 Scipionis
1294 3232 1405 3297 taber-

338 3335 504 3402 naculum
521 3338 674 3426 posuisse
691 3344 726 3405 et
743 3361 847 3426 quom
863 3338 1104 3425 ingrederetur
1118 3338 1311 3426 pomerium
1326 3392 1331 3402 .
1348 3391 1355 3406 .
1372 3389 1378 3405 .
1395 3390 1402 3404 .

309 3697 344 3748 A.
361 3696 395 3747 In
409 3695 503 3748 tribus
519 3697 660 3762 prioribus
675 3698 805 3751 versibus
820 3700 888 3752 haec
904 3704 1020 3751 tantum
1037 3700 1124 3752 verba
1140 3699 1410 3766 discernipcssunt:

262 3777 372 3840 EIQUE
388 3778 510 3852 ALIAM
520 3816 640 3831 ........
649 3781 813 3846 Runlssu3
822 3781 919 3846 itaque
928 3799 941 3829 ι(
950 3782 1006 3832 alia
1014 3782 1140 3832 miracula
1150 3783 1294 3845 (mirabilia
1304 3785 1342 3836 M.
1354 3785 1410 3835 Fle-

263 3858 353 3910 misch
369 3874 392 3909 o.
401 3875 437 3909 ιιι.
446 3875 471 3924 p.
482 3861 540 3925 267)
555 3863 704 3912 nuntiantur
714 3882 727 3908 »
740 3879 757 3914 a
770 3864 800 3913 B.
817 3863 917 3914 datum
934 3862 965 3914 in
976 3868 1066 3928 textu,
1078 3865 1150 3915 nihil
1162 3865 1241 3916 aliud
1252 3883 1338 3930 quam
1350 3882 1411 3917 con·

262 3939 373 3991 iectura
383 3945 432 3991 cst.
444 3968 475 3978 -
485 3943 632 4008 Aemiliam]
653 3959 687 3994 ex
706 3943 840 3995 extremis
851 3943 956 3995 litteris
967 3945 1047 3996 tertii
1058 3961 1157 3997 versus
1168 3951 1196 3997 et
1208 3948 1305 4011 quarti
1314 3948 1410 3999 ineun-

263 4019 300 4070 tis
318 4018 388 4084 lcgit
404 4020 442 4070 M.
459 4046 491 4060 -
505 4022 619 4087 nobilem]
637 4039 663 4087 p.
679 4023 717 4087 B;
734 4023 896 4075 NOBILEm
913 4024 972 4074 cod.
988 4050 1020 4064 -
1035 4027 1105 4090 repo}
1122 4026 1161 4076 M.
1172 4029 1357 4093 —memoront]
1371 4029 1410 4079 M.

261 4115 302 4164 p.;
319 4103 355 4150 ad
370 4101 450 4150 ailam
465 4101 512 4166 B.;
529 4103 570 4153 M1
581 4139 602 4153 ..
613 4139 635 4153 ..
651 4104 710 4154 cod.
727 4135 757 4144 -
777 4104 905 4170 Corfidiir]
923 4106 953 4154 Β.
962 4106 996 4156 cf.
1013 4106 1093 4158 Varr.
1110 4106 1186 4171 apud
1201 4107 1273 4158 Plin.
1290 4108 1351 4167 VII.
1364 4109 1410 4159 177

260 4183 298 4242 (v.
316 4184 442 4246 comm.);
462 4179 582 4232 Corticiis
598 4184 657 4236 cod.
674 4190 702 4236 et
719 4202 743 4250 p.
759 4212 791 4225 -
807 4184 897 4235 herede
912 4186 1009 4236 minore
1023 4187 1091 4248 facto
1107 4193 1219 4238 mortuus
1234 4189 1298 4253 erat]
1316 4189 1354 4253 B3
1372 4189 1410 4238 he·

261 4260 345 4310 rodem
360 4261 482 4313 minorari
498 4263 640 4316 instituerat
655 4267 694 4317 M.
705 4296 735 4304 -
749 4266 856 4329 lectoque
872 4272 1013 4318 teswnwnto
1023 4269 1226 4328 restaurarem
1238 4269 1347 4332 asratre
1362 4273 1408 4338 ait]

261 4341 300 4392 M.
317 4357 361 4407 p.3
376 4341 393 4391 l.
410 4349 426 4392 t.
442 4344 544 4395 revixit
563 4364 580 4395 a
596 4348 692 4397 minore
707 4349 791 4410 fratre
805 4354 899 4398 ramat
914 4349 945 4398 B.
957 4353 988 4398 at
1009 4350 1124 4399 «revenit
1139 4352 1244 4400 eicior»
1266 4351 1410 4416 perspicuo

260 4420 291 4472 in
307 4421 367 4472 cod.
384 4421 504 4474 discerni
521 4430 622 4489 potest.
639 4455 670 4464 —
686 4428 823 4493 dimissum]
846 4427 963 4479 dimissus
976 4427 1051 4498 cod.;
1067 4432 1196 4480 remanum
1207 4432 1237 4481 Β.
1254 4461 1285 4469 -
1302 4433 1381 4483 denes
1396 4463 1409 4471 -

261 4505 418 4568 eroyoeretur]
436 4504 476 4554 M.
492 4505 542 4569 qui
559 4505 590 4557 in
599 4507 630 4558 Τ.
641 4525 657 4558 a
667 4507 726 4558 cod.
744 4509 870 4572 praebito
886 4509 1005 4575 agnovit
1021 4512 1049 4562 X
1059 4525 1065 4568 ;
1081 4511 1168 4572 funeri
1181 4527 1225 4560 suo
1241 4511 1281 4574 B.;
1298 4529 1353 4561 eum
1360 4529 1409 4574 pe-

256 4583 313 4635 tisse
328 4589 355 4635 at
369 4585 458 4648 funere
475 4586 520 4640 illo
536 4588 669 4652 efferretur
686 4606 710 4653 p.
722 4589 849 4642 Plinium
866 4597 986 4655 secutus,
1004 4590 1052 4642 sed
1069 4608 1221 4657 perperam,
1233 4609 1299 4645 oum
1317 4594 1345 4645 in
1358 4611 1407 4646 ms.
