3658 5424
758 499 905 559 ,31-

314 631 349 686 A.
369 630 542 688 Licinianus
562 636 708 687 memorat
736 610 891 703 quaedam
910 633 1053 706 prodigia,
1074 636 1181 708 quibus
1206 641 1273 708 post
1293 637 1405 693 cladem

261 719 340 792 apud
358 721 565 789 Arausionem,
594 720 721 776 Olmbris
748 722 984 792 imminentibus,
1004 723 1132 780 Romani
1152 727 1255 781 territi
1274 734 1354 783 sunt.
1373 759 1406 769 -

261 807 357 882 perusi]
376 827 404 865 v.
423 827 490 881 pag.
504 810 538 864 14
550 809 581 864 in
597 808 664 864 adn.
680 841 713 851 -
730 814 823 866 niente
834 815 983 880 commota}
999 813 1184 886 Eademque
1199 815 1407 872 Franckenius

262 897 407 969 religione
426 915 487 954 non
504 903 643 953 tenemur
662 901 820 970 quominus
840 900 1036 958 concedamus
1056 903 1148 958 verba
1171 907 1264 960 rnente
1285 921 1406 960 commo·

263 986 331 1056 ueri,
353 1003 420 1042 cum
439 992 492 1042 aut
512 989 576 1043 sine
595 989 743 1058 particula
770 989 858 1059 quasi
879 992 1018 1061 usurpari
1037 1009 1131 1063 posse,
1152 998 1186 1046 nt
1206 993 1284 1065 apud
1304 999 1407 1064 poetas

263 1077 304 1148 (v.
323 1075 397 1131 Hor.
416 1078 480 1135 Sat.
499 1076 539 1146 11,
558 1077 575 1131 3
593 1095 621 1132 v.
639 1077 701 1146 209,
720 1076 785 1149 278)
804 1095 858 1149 pro
877 1079 1016 1134 insanire.
1036 1112 1069 1122 -
1090 1085 1117 1136 ct
1135 1082 1167 1137 in
1186 1085 1255 1141 dab.
1272 1113 1304 1124 -
1319 1100 1408 1154 appa·

251 1165 395 1239 ruerunt]
413 1167 511 1220 Etiam
530 1165 607 1238 apud
626 1167 683 1221 Iul.
702 1167 808 1238 Obseq.
826 1169 862 1222 42
881 1167 939 1224 duo
959 1170 1066 1224 ultima
1087 1171 1230 1243 prodigia«
1245 1172 1408 1244 leguntur:

264 1259 300 1312 P.
321 1255 434 1312 Rutilio
455 1257 508 1313 Cn.
528 1255 633 1312 Mallio
651 1273 721 1313 coss.
744 1259 883 1314 Trebulac
898 1261 1061 1315 Metaescae
1076 1264 1235 1332 antequam
1255 1261 1321 1318 iudi
1331 1255 1409 1318 coniss

264 1344 452 1414 mitterentur,
470 1349 590 1401 canente
608 1346 730 1416 tibicine,
749 1363 859 1418 anpaes
877 1347 959 1419 nipri
975 1366 1061 1404 aram
1081 1349 1343 1420 circumdederunt,
1362 1353 1408 1406 de-

262 1433 373 1490 sinente
391 1438 509 1490 cantare
527 1435 638 1506 dilapsi
646 1454 660 1506 ,·
672 1441 788 1507 postero
800 1436 847 1492 die
861 1437 986 1494 accorti'a
998 1441 1108 1510 populo
1121 1439 1269 1510 lapidibus
1283 1441 1408 1510 enecati;

260 1523 375 1594 foribus
393 1524 493 1596 tempti
509 1525 669 1596 adapertis,
692 1526 884 1582 simrrmrurn
912 1527 1022 1584 Martr's
1048 1529 1176 1600 tipneuni
1204 1529 1298 1601 capite
1325 1533 1408 1586 stans

264 1614 423 1672 inuetitum.
436 1613 492 1681 Qui
501 1615 581 1670 huno
591 1633 658 1670 cum
668 1615 817 1672 Liciniani
831 1616 895 1672 loco
904 1617 1039 1672 conferat
1049 1618 1111 1673 fere
1121 1619 1299 1690 intellegere
1315 1621 1409 1691 possit

265 1721 354 1774 quam
382 1702 502 1760 diverso
529 1703 616 1759 modo
644 1703 702 1759 duo
730 1706 943 1776 epitomatores
963 1722 1000 1761 ex
1019 1707 1107 1763 Livio
1127 1711 1341 1779 excerpserint.
1363 1709 1409 1763 Ex

264 1793 361 1848 tribus
380 1791 533 1865 prodigiis,
553 1809 629 1863 quae
647 1793 726 1864 apud
745 1794 865 1850 Livium
892 1795 995 1866 procul
1017 1794 1106 1851 dubio
1132 1796 1323 1868 legebantur,
1350 1797 1409 1853 Ob-

265 1899 392 1954 sequens
410 1899 486 1954 quae
506 1884 634 1937 maxime
647 1883 796 1938 mirabilia
809 1883 985 1940 viderentur
1001 1885 1094 1958 elegit
1107 1891 1197 1957 atque
1212 1886 1343 1942 breviter
1357 1887 1409 1942 sed

265 1965 404 2028 accurate
423 1990 457 2028 ea
476 1974 631 2038 narravit;
650 1972 824 2028 Licinianus
844 1991 916 2030 vero
938 1975 1057 2030 nullum
1085 1987 1189 2030 eorum
1218 1977 1328 2046 omisit,
1356 1977 1409 2033 sed

264 2063 364 2118 studio
383 2063 542 2118 brevitatis
561 2064 686 2118 tertium
705 2063 846 2118 mutilare
866 2070 988 2120 coactus
1008 2071 1055 2121 est
1084 2097 1118 2106 -
1138 2065 1215 2121 etin
1233 2066 1356 2125 Sabinis
1374 2099 1408 2109 -

265 2151 300 2227 et]
319 2153 362 2208 De
381 2156 408 2208 et
424 2155 561 2224 repetitis
580 2171 608 2210 v.
628 2170 695 2224 pag.
716 2154 751 2206 22
771 2158 802 2208 61
820 2152 887 2210 Riv.
905 2153 940 2209 di
954 2155 995 2225 sii.
1009 2155 1028 2208 l.
1050 2173 1088 2210 m.
1109 2173 1138 2226 p.
1158 2155 1212 2209 214
1228 2185 1259 2196 -
1280 2155 1313 2211 in
1327 2157 1410 2214 Sabi·

265 2241 321 2316 nis]
339 2244 358 2297 i.
373 2259 397 2298 6.
417 2243 563 2298 Τ6666166
582 2243 771 2312 Metuescae;
792 2261 820 2302 v.
840 2261 933 2316 supra
951 2244 1008 2299 lul.
1028 2244 1096 2302 Obs.
1118 2276 1150 2287 -
1169 2261 1221 2301 nec
1234 2263 1361 2318 usquam
1374 2249 1410 2302 de

265 2337 379 2404 repente
405 2332 618 2404 apparuerunt]
648 2333 885 2406 intellegendum
911 2339 975 2390 est:
994 2335 1095 2391 statirn
1114 2353 1128 2391 e
1146 2340 1299 2407 conspectu
1317 2336 1411 2407 elapsi

266 2426 336 2478 sunt
353 2424 372 2476 i.
394 2439 417 2479 6.
429 2407 562 2494 pereum
584 2423 669 2478 diem.
691 2423 793 2477 Etiam
808 2423 939 2479 Dieckm.
955 2425 994 2496 (p.
1016 2425 1063 2496 39)
1078 2443 1083 2479 :
1100 2424 1161 2481 sien
1183 2426 1409 2482 uurcbwanden

262 2513 401 2584 pidtzliclr.
421 2543 455 2554 -
473 2511 759 2586 carpinianum.
777 2513 811 2569 di
826 2514 866 2584 fii.
888 2514 906 2567 l.
926 2532 963 2571 m.
984 2533 1010 2586 p.
1030 2515 1090 2584 274,
1111 2514 1178 2570 adn.

319 2602 352 2657 B.
371 2601 487 2676 Amata]
505 2631 536 2654 =
560 2605 677 2660 Vestale.
696 2602 743 2656 Ex
764 2603 973 2674 antiquissimo
993 2605 1101 2660 Vestae
1130 2605 1212 2660 cultu
1232 2606 1408 2662 Latiniensi

267 2693 375 2748 atalia
403 2694 434 2748 in
463 2693 599 2748 Romano
626 2693 787 2748 exstabant
816 2699 847 2748 et
874 2693 912 2763 id,
941 2700 975 2748 ut
1000 2696 1120 2750 nomine
1147 2698 1278 2764 Amatae,
1307 2695 1409 2750 Latini

265 2785 368 2839 uxoris
396 2778 426 2838 e't
454 2785 566 2854 primae
593 2783 701 2840 Vestae
726 2783 899 2852 sacerdotia,
928 2783 1092 2856 pontificali
1117 2803 1254 2841 sermone
1288 2786 1408 2844 Vestalis

265 2872 487 2945 significaretur
505 2873 545 2946 (v.
566 2873 680 2928 Preller
698 2877 734 2931 R.
756 2874 864 2946 Militi
882 2875 909 2938 2,
929 2875 1000 2946 161).
1025 2907 1058 2915 -
1079 2877 1130 2932 Cn.
1150 2876 1277 2932 Mattius
1295 2875 1409 2949 eiectus]

266 2962 365 3018 Cladis
392 2962 430 3018 ad
457 2963 656 3026 Arausionem
683 2971 823 3036 acceptae
851 2983 976 3036 poenam
1005 2965 1062 3020 luit
1090 2967 1204 3037 primus
1232 2966 1265 3032 Q.
1292 2966 1408 3036 Caepio,

266 3055 316 3124 qui
343 3052 420 3107 male
449 3051 590 3106 audiebat
615 3053 707 3106 etiam
730 3053 809 3123 quod
836 3053 1066 3109 existimabatur
1094 3072 1202 3110 aurunt
1234 3057 1407 3110 Tolosanum

265 3143 445 3215 subripuisse
463 3145 501 3214 (a.
520 3161 549 3196 6.
570 3144 635 3214 648)
654 3149 744 3214 atque
767 3143 907 3200 factionis
931 3145 1082 3216 popularis
1100 3146 1132 3200 in
1151 3145 1251 3200 odium
1274 3152 1408 3213 venerat,

264 3233 342 3306 quod
361 3233 464 3290 consul
492 3233 642 3304 equitibus
661 3234 771 3288 iudicia
800 3235 931 3290 adimere
960 3236 1098 3290 voluerat
1120 3237 1160 3308 (v.
1184 3237 1304 3293 Momm.
1326 3239 1408 3291 uon.

269 3327 303 3382 G.
325 3325 365 3393 II,
388 3343 414 3396 p.
436 3325 508 3395 129).
534 3323 607 3379 Cum
630 3326 689 3378 iam
713 3325 817 3379 statim
841 3333 909 3396 post
932 3325 1076 3396 proelium
1100 3327 1138 3381 ad
1160 3327 1359 3380 Arausionem
1378 3330 1408 3378 et

266 3416 423 3486 imperium
443 3416 470 3470 ei
483 3413 661 3486 abrogatum
676 3420 707 3469 et
719 3417 784 3471 eius
803 3415 880 3470 bona
893 3415 1044 3487 publicata
1059 3423 1168 3483 essent,
1183 3423 1218 3470 ut
1237 3418 1301 3472 veri
1321 3415 1409 3470 simil-

266 3505 371 3560 limum
389 3504 519 3572 videtur,
547 3506 685 3576 sequenti
712 3523 799 3574 anne,
827 3506 924 3562 altero
952 3507 1108 3578 plebiscito
1135 3509 1227 3562 etiam
1255 3525 1272 3561 6
1301 3512 1408 3562 666616

268 3595 409 3666 expulsus
426 3600 473 3650 661
496 3595 614 3664 (Ascon.
634 3595 665 3649 in
685 3596 779 3652 Corn.
802 3613 829 3666 p.
853 3593 916 3668 78);
935 3601 1094 3667 postremo,
1114 3614 1193 3652 anno
1218 3597 1279 3664 651,
1301 3614 1319 3650 6
1338 3596 1409 3651 Nor·

265 3686 351 3754 bano,
371 3683 437 3757 lege
456 3684 564 3756 Apulei
583 3683 737 3740 Saturnini
755 3684 792 3740 de
811 3687 970 3742 imminuta
984 3688 1142 3742 maiestate
1162 3687 1260 3759 populi
1282 3685 1410 3741 Romani

267 3773 354 3830 modo
373 3773 498 3846 perlata,
518 3791 584 3828 cum
604 3792 673 3830 6666
701 3774 800 3830 factus
819 3782 899 3832 esset
917 3779 957 3848 (v.
977 3778 1076 3833 fontes
1094 3777 1173 3849 apud
1192 3777 1312 3833 Momm.
1333 3778 1351 3831 1.
1370 3795 1408 3831 m.

267 3885 293 3939 p.
314 3865 378 3936 180)
399 3873 490 3938 atque
509 3865 676 3934 damnatus,
690 3869 741 3922 vix
760 3873 888 3922 mortem
908 3867 1014 3938 effugit
1026 3868 1074 3940 (cf.
1088 3869 1152 3925 Val.
1164 3869 1244 3923 Max.
1259 3870 1309 3934 1v,
1328 3869 1353 3939 7,
1372 3869 1409 3939 3).

266 3959 333 4014 Hoc
359 3959 424 4014 loco
443 3960 537 4030 igitur
559 3959 651 4014 verba
675 3962 733 4014 «L.
755 3961 916 4016 Saturnini
936 3960 1106 4030 rapodone»
1135 3961 1232 4016 solum
1253 3959 1410 4016 referenda

267 4055 338 4105 6661
357 4049 395 4104 ad
408 4048 501 4106 verba
523 4051 574 4106 Cn.
588 4049 711 4105 Mattius
730 4067 744 4104 e
767 4049 882 4105 civitate
901 4051 1050 4120 plebiscito
1071 4051 1193 4118 ciectus3
1218 4053 1409 4106 enunciaturn

266 4146 368 4196 autem
392 4157 477 4211 «qua
504 4143 531 4194 et
559 4141 689 4210 Caepio»
722 4139 919 4212 supplendum
939 4148 984 4196 est
1005 4141 1096 4198 verbo
1125 4143 1314 4198 «damnatas
1332 4146 1410 4210 est»,

267 4228 345 4300 quod
365 4234 485 4284 tantum
504 4227 541 4282 ad
563 4231 693 4300 priorem
707 4247 832 4300 poenam
851 4229 1015 4300 Caepionis,
1034 4248 1123 4301 quam
1136 4231 1309 4286 Licinianus
1323 4239 1413 4286 antea

267 4321 438 4376 narrav1sse
458 4318 586 4385 videtur,
606 4319 778 4374 referemus.
798 4319 880 4386 Quod
899 4320 936 4374 ad
955 4321 1091 4376 Mallium
1111 4323 1230 4390 attinet,
1255 4322 1310 4376 hoc
1338 4321 1412 4377 Lici·

267 4412 350 4465 niani
368 4410 433 4466 loco
452 4411 646 4466 illustrantur
665 4411 757 4466 verba
779 4411 930 4467 Ciceronis
948 4411 995 4483 (de
1019 4414 1096 4468 Orat.
1110 4411 1150 4481 Il,
1163 4413 1205 4480 28,
1231 4411 1293 4485 125)
1315 4413 1412 4469 adhuc

268 4502 343 4556 satis
362 4501 505 4557 obscura:
527 4500 604 4566 Quid
622 4502 657 4556 de
679 4503 730 4558 Cn.
749 4501 849 4558 Mattii
863 4542 868 4554 .
884 4541 889 4555 .
905 4541 910 4556 .
925 4503 1171 4558 commiseratione
1184 4501 1282 4558 dicarn
1292 4503 1313 4572 t,
1335 4521 1411 4573 quae

267 4608 334 4646 cum
353 4591 416 4648 sola
435 4590 471 4649 de
490 4591 593 4647 Mallio
608 4591 805 4648 condemnato
820 4593 969 4662 docerent,
985 4599 1048 4647 tum
1063 4611 1115 4648 cur
1130 4593 1293 4652 damnatus,
1303 4595 1410 4650 fnisset
