3658 5424
901 495 944 520 .-
962 461 1005 532 *38
1026 495 1065 505 -

408 593 596 663 Strabonem,
615 595 715 650 missis
738 593 921 665 ambagibus,
951 611 1017 648 cum
1040 593 1171 649 Sertorio
1188 595 1289 664 patrum
1308 609 1466 664 pugnasse,
1485 611 1553 649 cnm

407 684 597 740 condiciones
616 684 743 740 foederis
757 703 774 738 a
793 685 895 752 Cinna,
910 686 960 754 qui
975 702 1007 739 se
1020 687 1201 756 superiorem
1217 685 1413 748 existimaret,
1427 685 1555 740 reiectae

408 779 517 829 essent.
537 775 608 828 Cum
629 774 784 829 Cinnavel
800 774 895 828 Mario
915 774 1090 829 Strabonem
1110 774 1186 828 clam
1206 778 1277 828 ante
1305 773 1451 844 proelium
1480 792 1555 828 com·

407 865 575 920 municasse
590 865 721 931 consilia,
736 864 909 934 colligimus
928 881 964 918 ex
984 864 1048 918 loco
1061 863 1205 919 Orosiano
1232 863 1267 931 V,
1286 864 1328 932 19,
1342 865 1389 918 1οε
1405 865 1456 920 Oa.
1470 865 1555 920 Pom·

404 953 490 1023 peius
509 951 562 1024 qui
575 992 581 1007 .
596 993 602 1007 .
617 993 623 1006 .
637 953 691 1008 diu
709 970 768 1008 sesa
786 969 929 1008 nouarum
948 970 1044 1009 rerum
1064 953 1260 1025 aucupatione
1272 954 1471 1023 suspenderat,
1485 970 1554 1008 con-

408 1045 533 1113 temptus
550 1059 569 1096 a
588 1041 688 1098 Mara'o
706 1045 750 1097 vet
770 1041 866 1099 Cinna
885 1043 925 1097 act
943 1045 1065 1098 alterum
1085 1041 1230 1097 consulem
1250 1057 1310 1096 sese
1323 1040 1444 1096 contulit
1455 1046 1512 1097 etc.
1526 1047 1555 1095 et

406 1133 471 1186 Per.
491 1131 557 1188 Liv.
577 1132 622 1189 79.
641 1163 673 1173 -
693 1130 812 1186 Marius
832 1130 965 1186 Ianiculo
980 1129 1050 1204 pot]
1069 1130 1183 1184 Narrat
1202 1131 1358 1201 Appianus
1377 1129 1413 1201 (Ι,
1435 1131 1481 1201 68)
1500 1131 1556 1201 Ap·

408 1221 488 1291 pium
508 1219 664 1274 Claudium
684 1220 753 1276 trib.
773 1220 911 1287 militurn,
932 1222 982 1290 qui
1001 1220 1136 1275 Ianiculo
1166 1225 1311 1291 praeerat,
1340 1225 1375 1274 ut
1395 1219 1490 1274 Mario
1509 1219 1555 1274 be·

406 1308 503 1364 ueficii
523 1311 623 1365 nescio
642 1311 726 1365 cuius
744 1312 874 1381 gratiam
894 1309 1031 1378 referret,
1052 1311 1083 1363 ei
1106 1316 1208 1380 portas
1228 1310 1396 1379 aperuisse;
1418 1315 1482 1362 turn
1497 1309 1556 1362 Ma·

408 1401 486 1453 rium
505 1401 596 1454 etiam
610 1399 734 1453 Cinnam
750 1417 816 1453 cum
832 1401 964 1454 exercitu
979 1400 1009 1452 in
1024 1398 1128 1453 urbem
1141 1400 1296 1470 recepisse.
1309 1431 1344 1441 —-
1357 1400 1418 1456 Seue
1433 1397 1556 1453 cohorti-

407 1487 469 1562 bus]
484 1489 649 1544 cohortium
661 1507 817 1543 numerum
829 1507 902 1559 quas
922 1489 1080 1560 Pompeius
1099 1487 1223 1543 Octavio
1236 1488 1348 1542 auxilio
1361 1489 1443 1543 misit
1458 1505 1494 1542 ex
1508 1488 1555 1542 Li-

408 1580 525 1634 ciniano
545 1579 607 1634 solo
626 1578 778 1634 habemus.
799 1578 964 1634 Secundum
980 1579 1149 1649 Appianum
1164 1579 1227 1648 ipse
1240 1577 1399 1648 Pompeius
1412 1595 1478 1632 cum
1492 1579 1554 1632 suis

407 1669 437 1722 in
459 1668 603 1722 auxilium
622 1669 742 1724 venisse
760 1667 896 1725 videtur:
916 1668 1052 1738 Ὀκταβίου
1070 1670 1114 1721 καὶ
1143 1666 1283 1740 Πομπηίου
1302 1667 1501 1740 ἐπιδραμόντων.
1520 1697 1555 1708 -

406 1755 561 1830 Milonius]
581 1763 702 1812 senator
723 1775 789 1811 cum
808 1756 941 1812 Sertorio
959 1762 990 1812 et
1010 1756 1039 1812 C.
1057 1757 1152 1812 Mario
1166 1757 1263 1812 altero
1277 1755 1314 1810 ad
1329 1757 1453 1812 Cinnam
1467 1756 1554 1827 fugit.

406 1845 442 1900 Id
462 1852 581 1900 tantum
601 1846 638 1900 de
659 1865 693 1901 eo
712 1845 790 1918 apud
809 1847 978 1918 Appianum
998 1847 1033 1918 (c.
1054 1847 1112 1918 65);
1133 1847 1207 1900 nihil
1228 1845 1306 1918 apud
1319 1851 1435 1903 ceteros
1454 1863 1554 1903 rerum

407 1937 577 2007 scriptores.

461 2025 495 2080 B.
514 2026 673 2097 Pompeius
683 2057 716 2068 -
727 2025 943 2100 conficerentur]
962 2025 1087 2082 Crassus
1097 2027 1226 2081 Marium
1238 2027 1398 2098 insequens
1412 2031 1498 2082 extra
1508 2045 1554 2082 ur·

409 2115 476 2172 bem
489 2122 667 2188 proruperat
678 2135 744 2172 cum
756 2123 841 2188 parte
852 2119 1011 2186 exercitus,
1025 2117 1076 2175 sed
1088 2117 1245 2189 Pompeius
1256 2119 1365 2188 quires
1376 2115 1496 2172 trahere
1510 2135 1554 2171 cu·

408 2205 509 2276 plebat
528 2223 622 2276 usque
642 2206 678 2260 ad
699 2208 820 2262 comitia
839 2207 1016 2276 consularia,
1028 2207 1187 2277 quominus
1198 2212 1363 2262 extremam
1376 2205 1490 2261 cladem
1504 2206 1554 2260 ille

319 2320 321 2326 ·
408 2295 553 2350 Marianis
572 2297 706 2363 inferret,
726 2297 887 2367 prohibuit.
907 2330 941 2339 -
957 2314 1067 2368 passus
1084 2296 1154 2370 fuit]
1167 2315 1196 2353 v.
1216 2297 1314 2352 Madv.
1330 2299 1362 2353 G.
1379 2299 1413 2352 L.
1426 2298 1443 2366 ξ
1456 2297 1509 2350 344
1520 2327 1553 2337 -

410 2385 559 2459 Crassum]
580 2387 611 2440 P.
631 2387 765 2442 Licinius
784 2386 911 2442 Crassus
930 2387 1022 2442 Dives
1040 2388 1233 2442 Lusitanicus
1253 2392 1306 2440 aut
1325 2388 1390 2441 eius
1408 2385 1488 2441 filius
1507 2386 1553 2456 (cf.

407 2474 571 2529 Drumann.
584 2476 619 2531 R.
641 2479 674 2533 C.
694 2475 736 2530 IV
755 2495 781 2547 p.
801 2477 844 2542 70,
858 2478 904 2547 32)
918 2483 979 2544 aut,
1004 2482 1038 2530 ut
1053 2483 1155 2531 censet
1169 2477 1322 2547 Wijunius
1341 2476 1371 2546 [l.
1387 2493 1426 2530 m.
1439 2494 1465 2547 p.
1480 2476 1552 2546 358),

408 2564 533 2620 Crassus
552 2565 603 2618 ille
622 2583 709 2635 quem
730 2584 822 2620 unum
852 2584 888 2620 ex
912 2566 1041 2621 Sullanis
1067 2565 1192 2622 ducibus
1220 2565 1312 2621 fuisse
1341 2571 1553 2620 commemorat

407 2656 557 2725 Appianus
576 2655 625 2726 (B.
647 2657 676 2712 C.
695 2655 718 2722 Ι,
738 2656 793 2726 90).
814 2687 846 2698 -
868 2656 983 2711 timebat
1001 2654 1118 2728 urnam]
1147 2655 1297 2726 repulsam
1326 2655 1498 2712 consulatue
1518 2656 1553 2708 ti·

408 2743 515 2812 mebat,
535 2745 561 2799 si
575 2750 706 2813 senatus
721 2744 847 2800 devictis
859 2745 1010 2811 Cinnanis,
1025 2743 1173 2816 praesidio
1186 2763 1240 2799 suo
1255 2746 1314 2798 iam
1329 2761 1430 2798 carere
1444 2749 1553 2815 posset.

407 2863 440 2874 -
460 2833 578 2907 Metelli]
596 2834 627 2898 Q.
656 2833 801 2890 Caecilius
829 2835 969 2888 Metellus
989 2835 1068 2902 Pius,
1088 2853 1105 2889 a
1126 2833 1210 2901 Nola,
1230 2852 1319 2903 quam
1344 2834 1494 2889 obsessam
1514 2839 1553 2887 te·

407 2922 506 2990 nebat,
526 2930 650 2994 rogatus
670 2942 687 2977 a
706 2931 812 2978 senatu
837 2931 872 2977 ut
901 2927 1014 2995 patriae
1043 2925 1186 2978 auxilium
1217 2923 1322 2992 ferret,
1349 2942 1415 2978 cum
1443 2941 1553 2994 magna

408 3017 494 3082 parte
514 3014 664 3067 exercitus
682 3013 808 3067 Romam
828 3013 1094 3084 appropinquabat.
1113 3043 1147 3054 -
1171 3014 1271 3082 Catuli
1282 3016 1341 3068 duo
1354 3017 1380 3068 ct
1397 3012 1551 3086 Antonius]

408 3101 494 3156 Solus
513 3102 686 3158 Licinianus
705 3105 826 3158 nomina
846 3104 1014 3173 legatorum
1034 3103 1136 3156 tradit.
1156 3103 1197 3156 Hi
1217 3103 1340 3158 fuerunt
1359 3103 1391 3169 Q.
1410 3103 1552 3158 Lutatius

408 3191 532 3246 Catulus
552 3192 659 3260 senior,
670 3194 720 3262 qui
739 3211 764 3246 a.
785 3193 837 3246 652
857 3192 1012 3247 consulatu
1032 3191 1154 3247 functus
1174 3198 1239 3247 erat
1260 3209 1405 3262 quemque
1419 3193 1474 3247 hoc
1486 3194 1551 3264 ipso

408 3299 486 3335 auno
505 3282 557 3334 667
580 3283 658 3354 ignis
677 3281 787 3337 haustu
808 3299 873 3339 sese
892 3284 989 3352 ipsum
1009 3283 1197 3337 interemisse
1217 3282 1311 3336 tradit
1329 3282 1436 3337 Florus
1449 3282 1501 3354 (11,
1515 3282 1550 3354 9),

407 3376 438 3424 et
456 3370 578 3426 Catulus
597 3373 695 3426 iunior
714 3372 816 3428 consul
837 3390 862 3426 a.
882 3373 934 3425 676
953 3371 989 3426 de
1009 3390 1066 3441 quo
1081 3390 1109 3430 v.
1123 3372 1196 3427 Veli.
1212 3372 1277 3428 Pat.
1296 3371 1348 3442 (Il,
1368 3372 1551 3442 43)etF10r.

408 3459 459 3530 (II,
481 3461 533 3522 11).
554 3493 582 3500 -
606 3459 761 3534 Antonius]
780 3463 805 3516 si
825 3460 944 3530 quidem
963 3463 989 3515 is
1008 3460 1066 3514 fuit
1079 3461 1118 3514 M.
1138 3462 1288 3516 Antonius
1308 3466 1417 3529 orator,
1433 3478 1467 3515 eo
1481 3466 1551 3514 tem·

408 3567 478 3621 pore
497 3550 564 3606 LVI
584 3568 678 3605 annos
696 3551 887 3619 numerabat;
906 3567 995 3605 senex
1016 3552 1119 3622 igitur,
1140 3557 1173 3604 ut
1192 3553 1221 3604 in
1237 3551 1336 3605 codice
1350 3551 1487 3621 legimus,
1500 3551 1552 3606 vix

408 3640 551 3711 appellari
570 3645 696 3710 poterat.
717 3671 750 3682 -
769 3643 847 3695 Bello
866 3642 944 3710 quod
962 3639 981 3694 r‘.
1004 3643 1038 3695 Ρ.
1058 3639 1119 3713 etc]
1148 3640 1236 3694 Hanc
1254 3640 1442 3695 historiolam
1462 3657 1549 3709 quam

408 3732 521 3801 primus
538 3729 661 3784 Sisenna
680 3731 852 3784 narravisse
880 3729 1000 3784 videtur
1027 3730 1107 3800 (Tac.
1136 3730 1212 3785 Hist.
1242 3729 1299 3798 III,
1327 3731 1373 3800 51)
1404 3729 1549 3801 praebent

407 3818 512 3874 iisdem
531 3819 593 3873 fere
613 3819 712 3873 verbis
731 3819 796 3873 Liv.
817 3822 881 3874 Per.
901 3819 943 3886 79,
964 3818 1046 3874 Oros,
1066 3819 1099 3887 V,
1120 3820 1162 3888 19,
1183 3820 1281 3888 1213,
1296 3819 1359 3874 Val.
1378 3819 1456 3874 Max.
1478 3836 1505 3887 v,
1525 3819 1549 3887 5,

406 3909 432 3976 4,
451 3908 578 3980 August.
597 3911 632 3963 de
645 3908 720 3964 civit.
739 3909 788 3964 dei
804 3908 844 3979 II,
863 3911 906 3979 25,
926 3910 951 3962 5.
963 3940 996 3950 -
1011 3909 1098 3981 Bello]
1114 3927 1166 3980 pro
1176 3909 1293 3982 proelia,
1314 3928 1341 3966 v.
1361 3909 1427 3966 niv.
1446 3909 1480 3964 at
1492 3908 1550 3964 Fit.

408 3998 426 4055 l.
446 4016 484 4051 m.
504 4016 531 4069 p.
551 3997 604 4052 274
623 3998 689 4053 adn.
