3658 5424
893 463 1053 523 ..60-

402 590 637 652 (utalaam...
654 591 736 656 eod.);
753 591 798 640 dat
811 597 952 654 praecepta
968 590 1095 656 Madvig.
1112 591 1141 655 (l.
1160 595 1214 656 m),
1226 591 1276 658 qui
1290 597 1382 644 totum
1399 593 1493 644 locum
1508 593 1550 644 ita

400 670 491 735 legere
508 671 604 721 malit:
621 672 743 721 contiones
757 671 845 722 inserit
861 677 883 720 et
909 673 954 722 dut
967 678 1107 734 praecepta
1121 678 1144 722 et
1160 675 1215 722 tacu
1230 678 1322 722 murtea
1344 674 1451 736 flamina
1467 679 1490 724 et
1506 674 1552 724 hoc

396 769 473 814 penas
489 753 544 801 ulia
559 751 673 814 explicat
688 759 710 802 et
726 758 860 814 comparat
874 752 1024 803 disserendo.
1042 754 1285 806 Franck.contrc:
1302 759 1324 804 et
1340 753 1420 804 adicit
1436 755 1549 818 incerta,

400 833 455 880 locu
470 839 561 880 arantes
576 832 689 894 flumina,
701 839 723 881 et
734 831 779 880 hoc
791 848 867 893 penus
884 839 953 881 uniat
964 837 987 883 et
997 832 1085 894 culpat
1095 840 1118 882 et
1128 834 1240 896 confutat
1255 833 1406 884 disserendo.
1422 863 1454 871 —
1469 841 1491 884 et
1501 835 1549 884 hoc

396 929 473 974 penas
489 913 552 976 ulia]
571 913 614 976 Β.,
630 911 770 961 amovenda
787 929 811 976 p.
829 917 858 962 et
875 912 1017 977 Linclrer.;
1034 929 1139 962 amoena
1150 913 1261 966 Keilet
1271 913 1396 965 Dieckm.
1406 941 1438 956 -
1450 915 1547 980 culpat}

400 1009 424 1054 p.
442 997 470 1041 et
486 993 516 1041 B.
528 1007 593 1041 cum
611 992 663 1055 M.;
681 992 749 1042 calta
761 993 916 1055 (CULTAE
933 991 1018 1057 cod),
1034 992 1097 1056 cutte
1114 1000 1256 1055 comparat,
1269 993 1370 1044 omisso
1388 993 1548 1058 insequenti

400 1089 413 1118 «
426 1077 448 1120 et
460 1091 473 1119 n
489 1070 597 1123 Jordan
615 1071 716 1136 (Herm.
730 1071 775 1134 Vl,
787 1089 812 1136 p.
828 1073 908 1144 2th
918 1072 1108 1142 Dieokmanno
1121 1071 1196 1123 laud.
1209 1089 1233 1138 p.
1249 1075 1265 1124 6
1280 1073 1364 1136 adn).
1373 1075 1549 1126 Franckenio

403 1173 414 1196 α
427 1159 561 1214 conrparut
577 1153 739 1204 disserendo·
762 1171 817 1204 nou
830 1153 945 1205 videtur
956 1152 1148 1218 probandum:
1165 1155 1212 1218 hic,
1230 1155 1331 1220 inquit,
1343 1157 1370 1204 in
1380 1157 1476 1206 maharu
1486 1173 1550 1218 pur·

401 1239 447 1282 tem
463 1233 563 1296 aliquid
579 1234 676 1284 dictam
690 1235 768 1297 fuerit
785 1250 878 1284 uerene
893 1241 941 1293 eat;
959 1237 1119 1296 comparatio
1134 1242 1224 1296 autem,
1240 1237 1291 1286 nisi
1306 1237 1361 1298 quis
1377 1237 1484 1287 ducunt
1500 1253 1548 1286 aaa

398 1321 479 1375 potest
494 1321 558 1364 recte
574 1316 678 1375 institui,
694 1315 737 1364 aed
752 1315 798 1365 hcc
813 1315 1010 1377 reprehendebat
1021 1317 1088 1378 qaod
1100 1315 1236 1367 Sallentina
1251 1319 1278 1366 in
1298 1315 1371 1368 Catil.
1389 1324 1412 1367 et
1427 1317 1491 1368 alibi
1498 1333 1549 1380 per

402 1395 565 1456 diqrecaionea
580 1396 688 1444 elevaret
704 1401 748 1444 aut
764 1395 917 1456 deprimeret
933 1397 1026 1444 ciuium
1041 1412 1121 1445 recrea
1136 1403 1159 1446 et
1174 1397 1201 1446 in
1215 1397 1349 1460 principes
1367 1397 1476 1448 hominen
1494 1414 1549 1447 eve-

403 1482 456 1525 ctus
471 1475 580 1524 mediam
596 1476 732 1525 excederet.
751 1477 789 1525 At
806 1475 891 1526 aliter
907 1475 988 1526 nobis
1005 1477 1091 1526 verba
1105 1496 1118 1522 «
1129 1483 1263 1540 conzpurat
1279 1477 1447 1527 disserendo»
1466 1477 1548 1528 inter·

403 1557 540 1620 pretende
557 1573 614 1606 esse
626 1558 777 1618 censemus,
789 1571 910 1620 quorum
922 1556 951 1606 in
965 1555 1056 1608 locum
1069 1556 1139 1606 nihil
1154 1557 1184 1607 in
1198 1557 1300 1607 malam
1313 1562 1421 1622 partem
1439 1557 1548 1610 dictum

403 1637 556 1700 exspectari
570 1643 668 1702 potest.
682 1637 845 1688 Licinianus
856 1637 929 1687 enim
943 1636 977 1688 de
988 1637 1022 1688 iis
1034 1643 1148 1688 tantum
1161 1638 1269 1703 cogitat
1285 1655 1357 1702 quae
1374 1657 1387 1686 κ
1399 1657 1449 1689 noa
1461 1657 1549 1702 arpen·

402 1719 459 1767 tiu·
476 1725 565 1779 vocat,
583 1719 743 1782 quibusque
760 1717 913 1768 Sallustius
929 1717 1060 1784 indulget
1072 1718 1157 1769 etiam
1169 1735 1234 1769 cum
1247 1719 1276 1770 in
1288 1719 1372 1770 rebus
1383 1719 1549 1772 enarrandis

402 1797 584 1859 (disserendo)
602 1799 645 1848 vel
662 1803 789 1862 tempora
808 1798 848 1848 vel
865 1814 955 1849 mores
972 1799 1016 1849 vel
1034 1798 1160 1850 homines
1171 1799 1247 1849 inter
1258 1815 1286 1850 se
1303 1806 1457 1864 comparat,
1473 1801 1548 1852 utin

404 1879 482 1935 Cutil.
501 1877 553 1940 (54)
570 1879 713 1928 Caesarem
732 1882 760 1928 et
777 1878 919 1928 Catonem.
936 1878 1065 1928 Ceterum
1084 1877 1210 1928 hocloco
1227 1877 1317 1942 legere
1334 1879 1431 1928 malim
1445 1902 1454 1922 e
1471 1887 1492 1930 et
1503 1879 1549 1929 hoc

399 1963 477 2020 pereas
492 1957 548 2006 ulio
564 1963 586 2006 et
603 1955 691 2007 coti
692 1957 715 2007 Τ
728 1964 750 2006 et
761 1963 894 2018 comparat
906 1957 1055 2006 disserendo.
1068 1980 1077 2000 ι
1094 1986 1124 1996 -
1135 1958 1186 2022 uhi]
1204 1957 1293 2022 suppl.
1309 1959 1356 2022 Β.,
1371 1959 1457 2007 indico
1469 1959 1507 2008 M.
1518 1985 1549 1996 -

402 2055 478 2088 orere
489 2038 629 2102 coeperunt]
649 2037 743 2088 Madv.
752 2041 762 2093 t
765 2038 781 2087 l.
796 2054 832 2087 m.
846 2055 871 2102 p.
879 2037 926 2087 396
936 2037 965 2087 in
982 2036 1057 2100 adn.)
1074 2038 1123 2101 qui
1140 2037 1245 2088 conicit
1261 2037 1347 2088 etiam
1359 2054 1450 2102 capere
1467 2055 1549 2101 coepe-

401 2122 479 2180 rant(
492 2155 562 2168 .....
574 2119 771 2168 COGENERA
783 2117 870 2182 cod.);
886 2135 973 2167 verrem
989 2125 1048 2168 tunc
1060 2124 1197 2168 oraverant
1211 2118 1283 2169 Keil.
1293 2123 1302 2180 t
1306 2136 1329 2183 p.
1340 2119 1407 2181 642),
1417 2120 1451 2169 cf.
1464 2135 1489 2184 p.
1500 2119 1547 2170 36:

408 2222 416 2241 ι
427 2206 453 2248 at
458 2201 563 2260 patriae
571 2198 709 2248 subueniret
720 2205 858 2249 oraverunt
866 2222 875 2242 ι
882 2217 891 2256 ,·
898 2205 1062 2249 conuenerunt
1070 2200 1100 2248 B.
1109 2228 1140 2236 —
1151 2199 1247 2250 tribuni
1258 2199 1347 2264 plebea]
1359 2215 1423 2250 cum
1433 2199 1472 2250 M.
1483 2217 1508 2264 p.
1520 2205 1549 2250 et

402 2281 431 2328 B.
444 2307 472 2316 —·
487 2279 608 2344 Lepidus]
628 2296 652 2342 p.
669 2283 697 2329 et
714 2279 744 2328 B.
760 2277 1009 2342 (IEPIS....ood.)
1025 2295 1051 2329 v.
1068 2295 1166 2329 comm.
1180 2308 1209 2316 —
1221 2279 1357 2344 emensum]
1376 2280 1414 2330 M.
1426 2279 1549 2331 correxit

402 2358 472 2421 (cod.
483 2360 748 2422 ADSENTAsr).·—
760 2359 863 2424 dicenti]
874 2376 899 2424 p.
911 2362 921 2421 (
932 2395 937 2408 .
947 2396 952 2409 .
963 2359 1013 2410 ,ΤΙ
1023 2358 1094 2422 cod.)
1102 2389 1132 2396 -
1141 2367 1163 2410 et
1174 2365 1253 2410 emtat
1264 2360 1355 2425 oratio]
1365 2361 1402 2422 Β.,
1414 2360 1464 2424 qui
1477 2358 1549 2411 adn:

403 2441 576 2502 epitomatoria
591 2440 676 2500 cerba,
693 2447 718 2490 ut
729 2440 838 2500 uidetur,
853 2457 902 2489 noa
918 2441 1023 2500 (diram,-
1042 2457 1066 2490 v.
1083 2456 1182 2490 comm.
1194 2470 1224 2478 -
1237 2447 1259 2491 et
1275 2441 1359 2506 hymn]
1374 2458 1386 2488 «
1399 2447 1421 2492 et
1433 2459 1446 2490 n
1458 2441 1489 2492 Β.
1499 2439 1549 2491 ad-

404 2521 547 2572 diderunt.
558 2550 588 2558 -
600 2520 713 2584 adeptas]
732 2523 770 2572 M.
780 2537 787 2586 3
798 2558 803 2571 .
814 2558 819 2571 .
829 2558 835 2571 .
846 2557 883 2573 ...
900 2523 930 2572 Β.
943 2549 972 2558 -
984 2521 1161 2584 pollicebatur]
1174 2521 1298 2572 correxit
1313 2521 1352 2573 M.
1365 2525 1391 2584 (.
1402 2558 1423 2572 ..
1434 2558 1439 2572 .
1453 2522 1548 2574 ΕΙΟΕ·

402 2603 530 2654 BATUR
548 2600 626 2664 cod).
638 2629 667 2640 -
679 2601 774 2652 Huius
790 2601 937 2654 columnae
953 2618 1051 2668 margo
1068 2603 1193 2654 exterior
1209 2602 1326 2655 avulsus
1342 2607 1385 2654 est
1399 2619 1424 2668 p.

408 2764 495 2772 ---—.

458 2856 492 2908 A.
507 2855 594 2910 condi
607 2859 722 2926 corpus]
736 2853 838 2910 Cicero
852 2855 898 2926 (de
911 2857 962 2926 leq.
982 2855 1022 2921 ΙΙ,
1040 2856 1095 2927 22),
1109 2873 1176 2910 cum
1190 2871 1247 2926 quo
1262 2855 1412 2910 consentit
1431 2854 1546 2910 Plinius

403 2945 453 3016 (N.
470 2948 508 3000 H.
529 2945 594 3012 Vll,
615 2947 669 3016 55),
689 2947 785 3016 ipsum
805 2945 918 2998 Sullam
938 2963 1044 3016 corpus
1073 2963 1160 3000 suum
1188 2944 1322 3000 comburi
1349 2944 1480 3000 voluisse
1499 2952 1546 3000 te-

404 3041 517 3088 statur:
531 3073 538 3088 .
552 3074 558 3088 .
570 3074 594 3089 ..
610 3035 743 3089 redditur
762 3037 854 3088 terrae
872 3051 978 3106 corpus
992 3066 1025 3075 -
1036 3037 1206 3104 peucemque
1227 3033 1389 3091 Cornelium
1402 3035 1547 3104 usquead

404 3124 571 3179 memorium
590 3127 720 3178 nostrum
738 3127 792 3179 huc
811 3127 962 3194 scprelturu
981 3123 1089 3178 scimus
1107 3139 1166 3178 esse
1185 3139 1279 3178 usum.
1310 3125 1338 3179 Ο.
1361 3123 1457 3178 Marii
1474 3123 1547 3178 situs

402 3213 542 3286 reliquias
560 3215 643 3283 apud
662 3214 802 3268 Anienem
820 3213 964 3283 dissipari
976 3213 1063 3268 iussit
1075 3214 1161 3270 Saltu
1179 3213 1276 3268 victor.
1295 3214 1377 3277 Quod
1389 3213 1470 3267 haud
1488 3211 1547 3267 scio

404 3322 444 3358 un
463 3305 566 3358 timens
585 3320 621 3357 ae
633 3320 686 3357 suo
701 3303 816 3372 corpori
831 3303 925 3373 possit
938 3301 1073 3367 accidere,
1091 3302 1208 3372 primus
1227 3301 1386 3372 epatricits
1407 3300 1546 3358 Corneliis

403 3393 468 3462 ipni
485 3392 576 3447 votuit
594 3391 724 3446 cretacri.
745 3389 800 3444 Sed
820 3390 856 3445 de
875 3391 931 3444 hac
951 3407 983 3444 re
1003 3389 1131 3444 fortasse
1152 3391 1245 3444 maior
1260 3389 1333 3443 fides
1349 3387 1474 3443 debetur
1493 3388 1546 3442 Li-

405 3483 522 3534 ciniano
541 3499 630 3550 quam
650 3480 794 3547 Ciceroni,
815 3497 851 3533 ex
871 3497 929 3549 quo
949 3479 1068 3534 Plinius
1088 3479 1197 3546 hausit,
1217 3497 1284 3532 cum
1304 3477 1395 3532 addat
1420 3479 1453 3532 L.
1474 3477 1546 3532 Phi-

403 3571 515 3640 lippum
527 3569 619 3624 fuisse
632 3571 683 3638 qui
703 3586 809 3639 corpus
822 3568 920 3622 Sullae
934 3567 1125 3622 cremandum
1146 3569 1245 3638 potius
1259 3573 1403 3636 censeret,
1416 3585 1453 3622 ne
1468 3567 1544 3622 idem

401 3663 427 3714 ei
448 3661 583 3714 eveniret
596 3658 674 3730 quod
689 3659 792 3712 Maria.
806 3660 894 3715 Sallu
908 3657 986 3712 araim
1005 3675 1065 3712 non
1083 3657 1109 3713 is
1128 3661 1190 3712 erut
1202 3657 1256 3728 qui
1266 3661 1375 3712 statum
1394 3675 1413 3712 a
1425 3675 1455 3712 se
1468 3674 1546 3712 crea·

404 3753 465 3804 tum
486 3753 544 3804 tam
564 3749 653 3806 debile
670 3751 787 3818 putaret
805 3765 839 3802 uc
858 3750 941 3802 rebus
957 3748 1159 3817 praesentibus
1173 3751 1230 3802 tam
1246 3751 1370 3818 paulum
1385 3748 1545 3818 confideret,

403 3843 437 3894 ut
454 3839 601 3894 divinaret
618 3838 681 3892 auia
699 3837 813 3892 ossibus
830 3836 953 3891 similem
973 3841 1076 3892 sortem
1090 3837 1240 3892 imminere
1258 3840 1344 3908 utque
1356 3837 1452 3892 Marii
1469 3836 1545 3908 (Die

403 3929 540 3982 ckmann.
560 3945 586 3997 p.
605 3927 665 3997 85);
686 3926 856 3996 Philippum
876 3931 980 3980 contra
1000 3926 1164 3996 periculum
1184 3929 1386 3997 praesensisse
1406 3931 1496 3996 atque
1510 3941 1545 3980 ea

403 4019 584 4071 auctoritate
604 4033 662 4086 qua
681 4021 753 4070 tunc
771 4017 801 4069 in
821 4021 927 4070 senatu
942 4015 1063 4070 valebat
1084 4015 1197 4086 (Cinea.
1217 4019 1300 4070 Brut.
1319 4016 1363 4069 47.
1384 4015 1449 4083 173;
1475 4015 1544 4069 Sall.

403 4109 479 4163 Hist.
498 4107 534 4160 fr.
555 4109 579 4174 1,
599 4107 651 4174 55),
672 4106 731 4160 tale
752 4106 821 4176 quid
836 4107 965 4161 suasisse
979 4108 1054 4161 satis
1067 4105 1218 4178 probabile
1239 4111 1293 4161 est.
1314 4105 1452 4160 Addatur
1466 4104 1544 4176 quod

403 4199 557 4268 Appianus
576 4199 621 4266 (B.
637 4197 666 4254 O.
687 4196 751 4264 106)
770 4201 800 4250 et
820 4195 1000 4250 Plutarchus
1019 4196 1105 4266 (Sult.
1124 4195 1185 4266 38),
1211 4197 1262 4265 qui
1281 4203 1421 4250 accurate
1440 4193 1477 4249 de
1495 4193 1545 4248 fu·

403 4304 474 4341 nera
494 4285 627 4354 tradunt,
641 4287 762 4340 omnino
778 4285 917 4354 ignorare
936 4283 1079 4338 videntur
1098 4283 1209 4338 Sullam
1224 4286 1321 4354 ipsum
1336 4301 1443 4355 corpus
1457 4300 1544 4338 suum

404 4377 530 4430 cremari
549 4377 681 4430 iussisse.
701 4373 889 4428 Licinianum
908 4378 1009 4428 autem
1023 4383 1076 4426 aut
1091 4374 1154 4428 eius
1174 4378 1335 4438 auctorem,
1356 4374 1429 4444 ipsis
1444 4372 1544 4428 verbis

409 4465 522 4520 «condi
538 4481 597 4520 uon
616 4463 748 4520 comburi
766 4462 922 4531 amedera
946 4479 1103 4534 possumus
1128 4462 1283 4534 vulgatam
1303 4461 1414 4516 famam
1434 4479 1544 4534 cogno-

402 4556 482 4612 visse
502 4560 592 4626 atque
611 4570 675 4609 eam
695 4551 832 4610 refellere
852 4551 991 4610 voluisse.
1007 4584 1034 4594 -
1053 4555 1087 4610 L.
1108 4549 1276 4625 Philippus]
1289 4551 1322 4606 h.
1332 4551 1464 4608 Marcius
1477 4551 1544 4606 Phi·
