3658 5424
775 905 883 980 aia
913 905 1101 979 XXXIII
1123 901 1170 1006 (I)

473 1174 543 1238 Fal.
577 1175 666 1238 VIII
686 1195 732 1255 In,
753 1194 834 1258 pap.
860 1177 968 1238 32-33
990 1196 1024 1258 p.
1032 1224 1042 1257 ,
1064 1195 1144 1259 pop.
1171 1175 1214 1238 21
1240 1174 1280 1238 Β.

406 1317 446 1381 Α.
473 1322 632 1381 matrona
656 1315 824 1401 quaedam
842 1315 940 1401 quasi
965 1322 1080 1381 mente
1103 1321 1275 1384 commota
1295 1315 1385 1381 sedit
1400 1314 1437 1379 in
1454 1313 1540 1380 solio
1623 1397 1627 1405 Ι

472 1423 577 1490 lovis.
601 1423 720 1509 itaque
751 1423 937 1488 lustratum
970 1430 1021 1488 est
1052 1423 1164 1489 denuo
1197 1422 1420 1510 Capitolium.
1445 1428 1480 1486 et
1503 1422 1540 1485 in

472 1530 611 1598 Sabinis
635 1531 759 1596 Martis
782 1533 922 1617 signum
946 1531 983 1596 in
1007 1538 1112 1618 caput
1128 1531 1330 1598 devolutum
1347 1529 1539 1596 nuntiatur.

473 1645 507 1704 et
535 1638 590 1703 die
619 1638 769 1724 quodam
801 1646 881 1706 ante
913 1639 1013 1705 ludos
1044 1639 1104 1725 qui
1128 1639 1238 1704 futuri
1267 1645 1367 1705 erant
1384 1691 1392 1706 .
1410 1689 1418 1706 .
1436 1690 1442 1703 .
1461 1661 1540 1703 cum

471 1745 643 1812 tubicines
667 1745 760 1833 apud
784 1770 880 1814 aram
904 1746 1135 1834 concinerent,
1162 1770 1291 1834 angues
1308 1745 1402 1832 nigri
1427 1744 1539 1811 subito

472 1861 718 1942 apparuerunt,
743 1878 854 1941 neque
878 1862 959 1920 ante
982 1855 1075 1922 inter
1102 1879 1137 1922 se
1161 1878 1362 1922 concurrere
1393 1861 1428 1920 et
1451 1876 1541 1919 mor·

471 1961 564 2028 sibus
588 1963 709 2028 multis
734 1963 898 2030 invadere
923 1963 1123 2031 desiverunt
1147 1987 1251 2052 quam
1266 1963 1439 2030 tubicines
1463 1985 1541 2028 oon-

470 2068 662 2158 ticuissent,
689 2093 752 2136 nec
776 2094 921 2156 usquam
956 2071 997 2137 de
1028 2078 1170 2160 repente
1193 2076 1438 2160 apparuerunt.
1467 2061 1541 2136 Ali·
1579 2153 1584 2157 ᾗ

471 2184 555 2263 quot
578 2184 758 2246 matronae
782 2178 901 2244 eodem
926 2179 1059 2245 somnio
1083 2180 1237 2246 monitae
1260 2202 1329 2245 una
1353 2178 1540 2262 eademque

470 2290 572 2350 nocte
596 2285 713 2351 decem
737 2266 800 2350 ffS
834 2286 939 2353 sacris
970 2287 1219 2374 praestiterunt
1250 2287 1381 2372 hocque
1413 2283 1541 2352 sacrifi-

404 2393 445 2458 B.
470 2399 586 2460 catum
607 2395 612 2479 Ι
633 2393 853 2478 aliquotiens.
870 2400 904 2459 et
927 2418 1066 2462 carmen
1089 2395 1127 2460 in
1143 2395 1223 2460 deos
1248 2396 1290 2461 ab
1307 2395 1434 2462 Amata
1451 2415 1540 2459 com·

473 2501 625 2588 positum
645 2501 856 2567 nobilissimi
878 2502 977 2590 pueri
1000 2503 1261 2571 concinuerunt.

517 2610 578 2675 Cn.
603 2609 745 2674 Mallius
762 2610 806 2675 ob
829 2610 974 2677 eandem
991 2634 1129 2678 eausam
1146 2635 1214 2698 qua
1230 2616 1265 2677 et
1281 2610 1408 2698 (laepi0
1425 2611 1464 2677 L.
1482 2611 1540 2675 Sa·

471 2716 605 2782 turniui
629 2717 810 2802 rogatione
834 2741 852 2784 e
875 2717 1019 2785 civitate
1043 2719 1225 2806 plebiscito
1250 2718 1388 2784 eiectus.

515 2823 672 2890 Rutilius
703 2827 822 2891 consul
851 2826 985 2912 collega
1014 2827 1128 2894 Mallii
1159 2828 1252 2893 solus
1276 2833 1454 2913 supererat
1477 2825 1539 2890 rei-

454 2930 638 3019 ·publioae.
664 2932 781 3018 itaque
798 2957 876 2999 oum
901 2940 1012 3000 metus
1029 2934 1295 3002 adventantium
1319 2933 1538 3000 Cimbrorum
1588 2928 1591 2938 '

469 3045 581 3104 totam
612 3046 770 3124 quateret
793 3041 983 3128 civitatem,
1011 3041 1064 3107 ius
1088 3041 1274 3110 iurandum
1298 3065 1317 3107 a
1345 3041 1538 3107 iunioribus

470 3147 595 3232 exegit,
614 3170 661 3212 ne·
681 3148 757 3233 quis
775 3155 872 3214 extra
895 3149 1037 3216 ltaliam
1054 3173 1228 3235 quoquam
1253 3149 1538 3237 proficisceretur.

470 3253 634 3340 missique
657 3277 719 3342 per
742 3278 860 3321 omnes
877 3279 952 3324 oras
969 3256 1094 3323 Italiae
1110 3264 1213 3343 atque
1229 3263 1350 3346 portus
1367 3256 1427 3343 qui
1443 3278 1539 3343 prae-

471 3361 635 3446 dicerent,
660 3386 704 3428 ne
727 3363 840 3430 ullum
863 3365 1033 3430 minorem
1057 3367 1202 3432 XXXV
1227 3385 1395 3432 annorum
1419 3363 1457 3429 in
1480 3386 1539 3429 na·

470 3491 549 3535 vem
573 3469 766 3557 reciperent
780 3523 919 3539 ......

441 3774 475 3822 A.
492 3770 546 3821 Hic
570 3771 629 3823 illic
653 3772 806 3824 nonnullae
824 3773 937 3826 litterae
962 3791 996 3826 ex
1015 3775 1143 3841 margine
1168 3775 1305 3826 exteriore
1326 3775 1544 3828 exciderunt.-

394 3853 456 3902 eedit
470 3854 498 3902 in
514 3853 576 3902 solio
593 3854 669 3919 Ιουὶε]
686 3855 758 3906 Keil.
773 3857 832 3918 (tc.
842 3873 866 3920 p.
875 3857 948 3921 648„
965 3857 1338 3909 SED'.NCONSILIOIOUIS
1349 3856 1417 3920 cod„
1428 3856 1503 3907 unde
1520 3874 1545 3921 p.

394 3941 422 3984 et
438 3937 467 3985 B.
481 3936 543 3984 sedit
558 3936 584 3984 in
597 3938 702 3986 canalio
713 3939 781 3988 Iovis
799 3938 941 3988 exhibent.
953 3939 983 3988 B.
995 3939 1082 3989 verba
1093 3938 1152 3988 cod.
1164 3943 1358 4000 servaverunt,
1370 3954 1543 4003 quamquam

392 4016 477 4066 Keilii
494 4015 717 4068 emendationem
726 4035 782 4069 non
791 4019 963 4084 ignorabant
971 4025 1039 4083 (qua
1052 4020 1081 4070 in
1100 4036 1129 4070 re
1145 4037 1162 4070 a
1172 4021 1328 4071 Francken.
1338 4020 1355 4070 l.
1368 4037 1403 4070 m.
1416 4037 1440 4084 p.
1451 4021 1499 4070 239
1508 4035 1545 4070 re

393 4096 625 4161 prehenduntur),
637 4104 724 4163 atque
738 4099 768 4150 in
779 4100 929 4151 verborum
942 4099 1034 4151 indice
1044 4103 1080 4165 (p.
1092 4101 1134 4163 52>
1145 4101 1186 4151 ita
1199 4102 1303 4151 canalio
1315 4101 1543 4164 explicaverunt:

393 4176 422 4226 id
437 4182 471 4226 est
488 4194 536 4238 qao
553 4177 605 4227 loco
622 4178 740 4240 Iuppiler
756 4196 811 4228 cum
828 4179 947 4229 Minerva
958 4186 981 4230 et
997 4181 1092 4230 Iunone
1102 4181 1130 4229 in
1148 4183 1276 4244 Capitolio
1286 4180 1449 4243 consistebant,
1462 4180 1543 4244 quasi

392 4261 450 4307 tres
465 4257 508 4306 illi
525 4255 565 4307 dli
587 4258 732 4308 coniuncti
756 4259 847 4310 nescio
872 4259 1016 4324 quoddam
1041 4261 1190 4312 consilium
1215 4262 1362 4323 efficerent,
1387 4277 1438 4311 nec
1462 4276 1542 4310 suam

395 4337 515 4400 quisque
530 4337 629 4388 cellam
646 4343 804 4402 separatam
822 4339 946 4391 haberet.
962 4341 1056 4391 Etiam
1075 4339 1250 4392 Schmidtius
1268 4341 1376 4403 (Philet.
1393 4341 1411 4390 l.
1428 4345 1476 4403 m.)
1491 4357 1544 4390 con·

395 4419 452 4468 silio
469 4418 499 4468 in
518 4419 580 4468 solio
604 4419 647 4470 vel
672 4421 734 4470 sella
758 4419 931 4472 mutandum
956 4437 1013 4472 esse
1037 4422 1163 4484 coniecit,
1188 4437 1253 4472 oum
1278 4421 1418 4486 syllabam
1445 4438 1542 4472 «eon»
1638 4439 1641 4444 ·

396 4515 453 4562 qua
471 4501 621 4550 «consilio»
640 4500 747 4564 incipit,
765 4501 837 4551 nihil
854 4501 933 4552 aliud
950 4518 1110 4566 essequam
1127 4501 1350 4568 dittographiam
1363 4503 1469 4567 primae
1486 4504 1544 4568 syl·

395 4579 475 4630 labae
492 4596 551 4632 voc.
576 4587 760 4631 «commotae»
778 4581 960 4634 existimaret.
985 4583 1115 4635 Ceterum
1135 4583 1217 4634 lectio
1238 4583 1325 4633 «solio
1337 4602 1350 4632 »
1375 4583 1426 4634 hoc
1451 4583 1543 4635 Taciti
