3658 5424
744 503 931 552 ..IX-

271 653 371 748 quod
399 679 467 748 pro
494 678 624 726 eorum
661 651 821 725 lectione
856 663 956 725 recto
989 652 1276 745 substituerem,
1304 679 1400 748 pun-

270 787 340 858 ctis
374 785 552 859 lacunam
588 787 730 859 notavi.
768 785 914 876 Quibus
950 787 990 858 in
1027 789 1139 860 robus
1174 813 1400 883 supervaca-

269 949 384 996 neum
412 933 467 996 est
493 923 618 996 dicere
645 949 704 995 me
732 948 921 994 summam
944 948 1076 994 curam
1110 922 1400 1020 cautionemque

269 1055 497 1131 adhibuisse.
514 1055 706 1150 Ceterum,
721 1056 982 1129 Bonnensium
1001 1054 1193 1150 lectiones,
1212 1083 1289 1129 non
1303 1057 1401 1130 mul-

269 1200 326 1262 tas
353 1216 415 1263 eas
442 1191 596 1287 quidem
632 1217 701 1264 nee
729 1193 878 1288 semper
912 1191 1044 1287 magni
1078 1192 1273 1286 momenti,
1305 1217 1398 1288 quas

268 1335 374 1398 textu
392 1324 545 1420 exclusi,
565 1325 740 1420 religiose
760 1327 910 1400 servavi
931 1326 972 1398 in
990 1326 1235 1400 adnotatione
1255 1327 1399 1421 critica,

269 1461 447 1569 obicum
474 1460 669 1534 nonnullis
696 1461 771 1534 mei
797 1461 917 1556 ipsius
945 1460 1186 1555 coniecturis,
1213 1461 1400 1557 quidquid

246 1595 318 1666 *ad
351 1594 544 1668 Liciniani
579 1596 758 1693 reliquias
797 1597 1054 1669 emendandas
1089 1621 1111 1668 a
1150 1596 1271 1670 doctis
1305 1597 1399 1670 viris

270 1703 525 1824 excogitatum
543 1756 587 1803 ac
602 1731 839 1827 propositum
854 1741 920 1825 est,
935 1729 1099 1826 diligens
1115 1729 1235 1805 lector
1249 1757 1401 1828 promp-

269 1870 351 1934 tum
377 1873 414 1937 et
440 1875 616 1961 paratum
643 1865 824 1938 inveniet.

342 1995 452 2087 Quod
465 2000 514 2071 ad
527 2000 808 2073 enarrationem
822 2000 959 2074 attinet
973 2027 1101 2074 rerum
1116 2002 1287 2098 ipsarum
1302 2027 1397 2098 quae

269 2134 370 2228 apud
397 2131 642 2207 Licinianum
669 2134 860 2231 leguntur,
886 2162 934 2209 ne
962 2137 1002 2207 in
1028 2135 1099 2208 hac
1126 2146 1233 2232 parte
1259 2135 1399 2209 laboris

270 2267 391 2340 nostri
405 2268 636 2343 absolvenda
649 2269 840 2366 longiores
866 2269 982 2344 fuisse
1000 2271 1210 2364 videamur,
1229 2271 1402 2343 animad-

270 2403 496 2474 vertendum
530 2413 586 2477 est
619 2404 735 2478 tantis
763 2403 1049 2478 difficultatibus
1084 2404 1307 2501 plerumque
1339 2430 1401 2478 eas

271 2562 309 2609 se
335 2536 549 2634 implicatas
576 2542 767 2636 praebere,
804 2550 857 2634 ut,
884 2540 960 2613 nisi
995 2539 1280 2614 accuratissime
1315 2539 1401 2612 illu-

272 2679 450 2766 strentur,
468 2671 534 2744 vix
551 2671 723 2768 intellegi
742 2673 899 2769 possint.
930 2673 1010 2746 Nec
1032 2674 1192 2746 mirum:
1221 2700 1311 2747 nam
1329 2673 1400 2747 hae

270 2803 513 2880 Licinianeae
540 2804 722 2902 reliquiae
744 2853 792 2860 —
817 2833 912 2903 quae
939 2806 1148 2903 particulae
1174 2819 1263 2881 sunt
1282 2808 1400 2904 epito-

270 2966 348 3012 mes
375 2940 573 3013 euiusdam
599 2940 801 3014 historicae
827 2951 997 3014 extrema
1032 2944 1089 3036 (ut
1125 2969 1209 3016 mea
1246 2942 1400 3039 quidem

271 3075 457 3148 sententia
490 3077 561 3168 est)
597 3073 855 3148 Romanarum
886 3073 1101 3148 litterarum
1133 3086 1254 3150 aetate
1281 3077 1401 3148 maxi-

270 3235 372 3281 mam
407 3220 555 3306 partem
581 3236 626 3283 ex
660 3208 874 3282 Annalibus
901 3209 1005 3280 Livii
1039 3209 1223 3284 conflatae
1250 3255 1298 3262 —
1324 3236 1401 3281 non
1460 3217 1461 3222 ’

271 3343 393 3416 solum
419 3343 634 3442 corruptela
660 3343 801 3418 codicis
828 3354 885 3418 ter
911 3345 1044 3442 scripti
1070 3346 1171 3418 unde
1198 3371 1260 3418 eas
1287 3344 1401 3418 habe-

271 3504 367 3573 mus,
393 3479 618 3574 gravissime
643 3477 829 3574 laborant,
856 3481 921 3554 sed
948 3481 1063 3554 etiam
1090 3480 1308 3554 incredibili
1335 3507 1401 3554 ne-

272 3611 462 3708 glegentia
488 3622 525 3686 et
550 3613 743 3710 imperitia
769 3614 964 3712 scriptoris
983 3615 1114 3712 ipsius,
1139 3615 1204 3712 qui
1223 3625 1289 3687 aut
1307 3623 1400 3687 tem-

272 3771 365 3843 pora
390 3746 603 3841 confundit,
630 3756 696 3819 aut
721 3745 822 3820 faeta
840 3748 1067 3845 transponit,
1091 3758 1157 3821 aut
1174 3758 1253 3820 tam
1271 3747 1401 3844 inepta

271 3882 456 3956 brevitate
482 3891 675 3955 auctorem
694 3907 804 3954 suum
827 3880 1029 3974 contrahit,
1048 3891 1091 3952 ut
1109 3907 1219 3977 saepe
1239 3883 1400 3954 obscura
1419 3935 1421 3940 .

272 4017 396 4112 potius
415 4042 550 4089 cancre
569 4041 682 4112 quam
700 4014 900 4088 historiam
919 4040 1076 4087 narrare
1094 4014 1280 4087 videatur.
1309 4013 1401 4103 Qui-

273 4152 342 4221 bus
369 4150 472 4222 vitiis
499 4176 541 4222 eo
568 4149 689 4244 magis
716 4147 922 4221 dolendum
957 4156 1023 4242 est,
1058 4148 1160 4244 quod
1193 4147 1263 4220 hae
1299 4146 1400 4219 Lici-

272 4283 378 4355 niani
397 4281 578 4379 reliquiae
604 4328 652 4335 -
678 4283 709 4356 si
736 4281 878 4354 librum
898 4281 1032 4356 XXVI
1057 4281 1235 4378 excipias
1262 4282 1400 4378 dequo

272 4417 370 4490 nihil
396 4417 489 4491 certi
521 4417 701 4489 affirmari
734 4427 858 4512 potest
890 4463 939 4470 —
972 4444 1030 4490 res
1058 4427 1181 4513 gestas
1216 4418 1263 4489 ab
1296 4443 1331 4488 u.
1367 4443 1398 4488 o.

274 4554 434 4626 591-676
460 4550 775 4648 complectuntur,
802 4562 915 4648 atque
934 4552 988 4625 ita
1006 4551 1083 4626 fero
1103 4551 1191 4624 inde
1210 4551 1401 4648 incipiunt
