3658 5424
780 487 939 546 -37..

282 626 394 686 portaret.
410 647 441 660 ·-
457 620 572 670 Ianiculo
588 621 693 685 potitur]
712 621 749 671 M.
767 649 796 658 -
813 623 874 683 qui:
888 658 969 672 .....
982 622 1093 683 lupulali
1114 609 1178 686 1111]
1204 624 1242 685 B,
1260 623 1356 686 quiin
1374 622 1439 674 adn.

283 704 376 754 locum
392 705 557 764 corruptum
574 700 688 765 punctis
705 699 861 756 indicatum
879 703 919 752 sic
936 701 1143 754 emendandum
1155 708 1284 754 censent:
1301 705 1347 766 qui
1362 704 1434 766 clepa

282 789 385 834 sueram
399 799 483 832 amia.
500 783 557 834 Nos
573 781 742 833 conicimus:
759 783 806 844 qui
818 784 896 845 capti,
912 783 980 832 iussu
998 783 1089 844 Marii,
1105 783 1149 835 vel
1166 785 1212 846 qui
1234 786 1310 848 capti,
1328 791 1355 836 11
1372 785 1433 836 Μα-

283 865 339 914 riou
353 864 431 925 iussit,
446 861 558 925 imputati
570 868 627 913 1111
641 863 721 926 (Qus
736 863 1023 916 ...amoenamus
1039 863 1110 929 cod.)
1122 893 1152 902 —
1164 870 1216 916 lum
1227 864 1337 916 tradidit
1347 882 1371 915 11
1387 866 1434 916 ini-

283 945 355 1010 mico]
373 946 462 996 Miror
477 945 565 995 Bonn.
581 943 644 995 edd.
660 950 746 1009 atque
762 944 819 995 fere
835 961 931 996 omnes
942 946 992 1010 qui
1004 945 1033 996 in
1045 945 1228 997 emendandis
1239 945 1297 997 Lic.
1307 945 1434 1011 reliquiis

284 1025 388 1076 versati
405 1029 474 1076 sunt
490 1023 600 1076 litteras
616 1023 675 1076 cod.
691 1025 1058 1078 TRADIDISSEINIMICO
1082 1027 1164 1091 plane
1180 1026 1350 1092 neglexisse,
1375 1044 1433 1077 con-

284 1113 326 1156 tra
337 1143 343 1156 .
356 1143 361 1156 .
376 1106 431 1156 ,111
444 1106 498 1171 M.;
514 1105 600 1157 obiicit
615 1122 639 1156 11
654 1107 758 1156 inimico
773 1123 799 1170 p.
815 1107 873 1158 Nos
889 1105 1023 1157 adverbio
1047 1113 1099 1158 lum
1114 1107 1226 1158 litteras
1242 1112 1300 1158 tres
1317 1107 1432 1159 avulsas

283 1187 490 1251 supplevimu33
507 1185 580 1251 quod
598 1186 634 1236 ad
648 1191 755 1237 ceteras
771 1187 883 1248 attinet,
892 1187 933 1237 ita
949 1187 1170 1252 interpretamur
1178 1187 1288 1238 tradidit
1295 1205 1320 1238 11
1329 1181 1434 1238 inimico

283 1267 365 1330 quasi
382 1265 494 1317 dicatur
511 1273 587 1316 totum
602 1283 626 1316 11
642 1268 669 1316 11
680 1268 771 1318 hostem
786 1268 889 1317 immisit
905 1272 957 1317 aut
973 1267 1072 1318 Italiae
1083 1285 1097 1316 «
1108 1269 1133 1318 a·
1142 1269 1269 1330 precipiti)
1281 1271 1320 1320 aul
1337 1269 1433 1318 nauico

283 1365 301 1398 a
316 1364 394 1410 corpo
407 1347 517 1410 pardulo
530 1365 551 1397 ».
568 1375 598 1386 -
615 1347 745 1412 Miloniue]
758 1347 796 1398 M.
807 1377 838 1384 —
848 1347 1030 1413 eubazoveatur]
1049 1348 1104 1413 M.;
1121 1377 1151 1385 -
1169 1349 1317 1414 cecideruut]
1335 1351 1382 1414 B.;
1397 1349 1435 1399 ibi

283 1431 414 1492 perierunt
431 1429 468 1479 M.
485 1457 515 1466 -
530 1429 581 1494 eeu]
600 1445 625 1493 p.
641 1430 670 1478 B.
687 1427 735 1479 sed
759 1441 894 1478 numerus
918 1429 1050 1492 incertus,
1069 1443 1134 1480 cum
1151 1433 1208 1480 tres
1232 1429 1345 1482 litterae
1359 1430 1433 1480 utilia

283 1508 478 1574 praecedentes
495 1509 524 1560 in
541 1509 601 1560 cod.
618 1508 782 1560 exciderint.
800 1538 830 1548 -
847 1508 975 1574 Aebutius]
995 1511 1034 1560 M.

329 1591 359 1640 B.
373 1591 456 1652 potuit
467 1591 528 1653 capi
537 1617 568 1630 -
578 1589 688 1655 impulit]
699 1589 744 1640 Sic
752 1605 817 1640 cum
827 1591 947 1640 Franck.
965 1595 1001 1655 (p.
1015 1591 1074 1654 241)
1090 1595 1120 1642 et
1136 1590 1329 1642 Dieakmanno
1345 1597 1375 1656 (p
1385 1627 1390 1642 .
1401 1591 1432 1642 56

283 1669 348 1722 adn.
356 1673 382 1734 5)
391 1671 421 1721 in
430 1671 506 1722 huno
514 1671 606 1722 locum
614 1671 762 1722 lectionem
773 1669 877 1721 Pertzii
887 1671 1073 1736 restituimus,
1083 1671 1187 1724 reiecta
1196 1675 1284 1724 Bonn.
1294 1674 1434 1723 coniectu·

283 1767 315 1802 ra
324 1770 330 1802 :
338 1753 422 1814 poluit
432 1753 494 1814 capi
503 1752 648 1802 Ianiculum
657 1752 742 1802 eodem
750 1752 791 1802 die
802 1754 827 1796 <
842 1752 891 1800 rziei
903 1753 929 1793 >
940 1753 1079 1816 Pompeius
1088 1755 1158 1804 ultra
1170 1753 1301 1805 Octauium
1310 1752 1434 1816 propreai

278 1850 369 1896 pateus
377 1851 425 1883 nou
434 1835 554 1896 1111111-
563 1840 621 1884 1111
632 1833 749 1884 Crassum
758 1839 886 1883 revocaret
893 1833 996 1894 impulit
1006 1863 1033 1871 —
1043 1849 1050 1898 3
1059 1835 1299 1886 Ianiculumenim
1309 1851 1340 1884 eo
1349 1833 1394 1884 die
1403 1848 1433 1883 re

281 1929 349 1966 vera
356 1919 472 1979 captum
482 1919 531 1972 est,
540 1920 574 1965 ut
584 1915 669 1966 verba
681 1914 824 1979 superiora
841 1912 916 1964 ceteri
930 1915 1103 1966 eubiaoaeutur
1111 1923 1140 1967 et
1151 1915 1297 1982 Appianas
1305 1915 1333 1978 (l.
1343 1931 1379 1964 m.
1390 1915 1433 1976 68)

281 2001 310 2046 et
326 1996 387 2048 Liv.
398 1996 460 2047 Per.
476 1995 508 2046 80
524 2000 675 2046 testantur.
691 2023 723 2036 ··
737 1999 801 2063 eum]
819 1999 849 2048 B.
860 1983 1017 2062 (Echod.)3
1032 2013 1083 2048 nos
1093 1997 1217 2048 acolitum
1227 1996 1389 2048 conicimus.
1401 2024 1431 2033 —

281 2079 342 2140 quia
357 2077 457 2128 timebat
472 2093 572 2128 111111.
588 2078 619 2143 11]
638 2077 683 2128 Sic
699 2078 796 2142 procul
813 2077 901 2130 dubio
918 2077 1037 2145 legenda
1053 2083 1122 2129 suut
1132 2078 1220 2130 verba
1236 2075 1296 2128 cod.
1307 2077 1371 2138 QUI
1386 2077 1433 2127 TI·

281 2142 534 2224 Musauunni3
557 2161 603 2220 qui
618 2159 765 2223 timebatur,
788 2177 848 2210 uam
864 2177 889 2224 p.
906 2165 934 2211 et
948 2161 979 2210 B.
995 2159 1044 2223 qui
1062 2157 1218 2208 adnotant:
1234 2158 1315 2219 «quia
1331 2157 1434 2207 timebat

179 2243 182 2252 '
279 2253 383 2289 urnam.
393 2244 415 2288 11
424 2259 436 2285 ι
446 2238 580 2301 1191111111
594 2239 645 2288 taisi
659 2238 726 2301 quod
737 2237 849 2290 Horatio
864 2238 931 2303 (Sat.
946 2239 990 2299 11:
1000 2243 1020 2300 1,
1030 2242 1074 2302 47)
1084 2239 1157 2288 licuit
1167 2237 1332 2288 historiarum
1347 2237 1432 2298 scrip-

282 2321 333 2369 tori
346 2336 395 2369 nou
411 2320 523 2370 licuisset.
540 2321 616 2370 Haec
633 2326 676 2370 est
698 2321 821 2384 profecto
845 2321 1008 2384 praesertim
1031 2319 1062 2370 iu
1079 2316 1253 2371 emendando
1277 2317 1432 2380 Liciniano,

281 2399 344 2464 puri
356 2401 491 2451 sermonis
502 2400 591 2450 nimia
603 2400 701 2465 religio
711 2417 717 2462 3
728 2405 852 2452 ceterum
865 2419 877 2448 «
890 2401 935 2462 qui
947 2401 1101 2451 timebatur·
1117 2399 1166 2451 vix
1183 2398 1304 2463 aliquem
1317 2414 1430 2449 sensum

281 2481 402 2544 praebet.
414 2480 621 2532 Hirscht'eldius
635 2480 762 2546 proponit
773 2479 859 2545 (apud
872 2481 997 2532 Dieckm.
1011 2497 1035 2544 p.
1051 2481 1081 2531 57
1094 2478 1159 2530 adn.
1169 2481 1195 2543 2)
1207 2479 1267 2528 dum
1278 2479 1410 2529 timebatur
1417 2497 1427 2538 ;
1493 2471 1495 2476 ’

280 2578 340 2610 uam
355 2565 407 2612 etc.
423 2589 454 2601 -
470 2563 575 2627 senatus]
593 2563 633 2613 sic
649 2567 723 2614 recte
740 2562 901 2614 emendavit
918 2561 1028 2612 Keilius
1043 2565 1080 2626 (p.
1097 2561 1143 2610 642
1160 2577 1209 2625 pro
1220 2561 1289 2612 SEN
1292 2561 1342 2610 EX
1353 2557 1429 2623 quod

279 2638 339 2690 cod.
366 2640 495 2706 exhibet3
512 2657 538 2692 v.
554 2644 664 2704 comm.)
680 2670 710 2680 -
726 2641 842 2704 ipuotilis
858 2641 971 2706 puidam]
989 2640 1019 2690 in
1036 2640 1095 2691 cod.
1113 2646 1197 2705 postu
1209 2641 1299 2690 11111111
1313 2639 1430 2704 »legun-

280 2725 345 2786 tur3
360 2721 391 2771 in
409 2720 484 2772 hunc
501 2723 593 2772 locum
610 2727 847 2787 transposuerunt
862 2723 892 2772 B.
910 2750 940 2760 -
964 2723 1127 2786 imprecatus]
1151 2727 1272 2784 precatur
1294 2727 1317 2771 ct
1332 2721 1429 2782 impre-

279 2807 350 2852 catus
366 2801 441 2868 cod.;
459 2821 472 2852 1
480 2810 599 2866 precatus
615 2809 637 2854 11
650 2822 662 2852 »
679 2804 745 2865 quod
762 2802 898 2853 librarium
913 2805 967 2854 iam
994 2806 1092 2866 puncta
1115 2804 1242 2855 induxisse
1264 2793 1431 2864 suspicamur,

279 2881 417 2934 delendum.
434 2885 464 2934 B.
478 2911 509 2923 -
525 2885 696 2949 praerupium]
715 2886 744 2934 Β.
760 2884 925 2947 praeludium
942 2885 971 2935 P.

335 3169 371 3221 A.
393 3169 472 3223 Ostia
486 3169 555 3224 urbe
563 3166 684 3241 potitur]
700 3185 751 3238 per
764 3167 962 3240 proditionem
976 3166 1107 3236 Marium
1119 3167 1204 3223 Ostia
1218 3169 1346 3239 potitum
1361 3182 1425 3223 esse

281 3257 372 3310 etlam
392 3257 470 3311 Plut.
489 3260 578 3327 (Mar.
597 3259 643 3328 42)
663 3257 764 3311 tradit.
784 3259 937 3328 Appianas
956 3257 1030 3312 dicit
1048 3263 1168 3312 tentum
1189 3258 1289 3312 Ὠστίαν
1309 3255 1362 3311 εἷλε
1381 3261 1426 3312 καὶ
1494 3309 1498 3324 ,

279 3344 411 3419 διήρπαζε,
431 3364 527 3417 neque
546 3365 613 3402 cum
641 3348 696 3401 hac
725 3347 902 3418 proditionis
932 3348 1105 3401 narratione
1134 3353 1254 3402 tautum
1284 3353 1427 3418 pugnant,

280 3442 425 3506 quantum
445 3436 647 3491 Dieclrmanno
658 3435 799 3492 videntur
810 3435 916 3507 (praef.
935 3455 962 3508 p.
975 3436 1030 3506 55),
1046 3435 1138 3492 verba
1151 3440 1216 3492 Per.
1230 3437 1296 3491 Liv.
1314 3436 1423 3492 Ostiam

280 3525 422 3582 coloniam
444 3526 562 3582 Marius
580 3526 762 3596 capuanavit
780 3529 806 3580 et
824 3525 980 3581 crudeliter
998 3525 1131 3596 diripuit.
1145 3557 1179 3566 —
1190 3543 1244 3598 per
1268 3524 1425 3597 Valeriam]

280 3632 387 3668 nornen
406 3614 489 3671 ducis
509 3618 593 3673 cuius
612 3615 780 3688 proditione
802 3615 916 3671 Marius
944 3615 1058 3670 Ostiam
1078 3621 1285 3687 occupaverat,
1306 3617 1424 3688 ignora·

283 3703 383 3758 batur:
402 3705 493 3760 l'uisse
514 3711 623 3776 tamen,
643 3711 677 3760 ut
699 3707 834 3761 Perlzius
848 3710 942 3776 putat,
962 3706 994 3758 L.
1006 3705 1158 3760 Valerium
1174 3705 1322 3769 Flaccum,
1336 3723 1424 3775 quem

279 3813 305 3848 a.
325 3795 386 3863 668,
406 3802 620 3866 postmortem
640 3796 669 3851 Ο.
689 3797 785 3864 Marii,
806 3796 870 3850 eius
889 3795 953 3850 loco
973 3794 1118 3864 collegam
1138 3795 1195 3850 sibi
1209 3813 1226 3850 a
1239 3796 1272 3850 L.
1287 3794 1424 3849 Cornelio

279 3883 373 3938 Cinna
391 3885 531 3940 allectum
546 3903 610 3942 esse
624 3888 799 3958 accepimus,
813 3885 902 3958 plane
924 3887 1071 3960 incertum
1087 3889 1141 3939 est.
1155 3917 1187 3929 -
1203 3902 1253 3940 111
1267 3885 1424 3955 Pompeius

279 4005 311 4014 -
331 3974 481 4048 abstinuit]
501 3976 565 4029 Duo
585 3977 696 4046 proelia
715 3976 846 4042 luerunt,
859 3975 988 4029 alterum
1008 3974 1087 4027 inter
1106 3973 1271 4028 Sertorium
1292 3981 1322 4028 et
1342 3973 1423 4027 Pom·

278 4063 376 4132 poium
395 4063 432 4117 ad
452 4070 567 4134 portam
587 4064 740 4132 Collinam,
760 4065 890 4119 alterum
910 4065 989 4117 inter
1009 4061 1138 4116 Marium
1165 4070 1196 4118 et
1215 4063 1372 4119 Octavium
1392 4064 1422 4116 in

277 4151 425 4221 laniculo,
445 4154 592 4224 simulque
619 4160 705 4224 gesta
724 4159 805 4209 suut.
834 4185 868 4196 -
894 4153 1006 4227 palam]
1024 4177 1065 4205 =
1089 4154 1153 4208 siue
1172 4153 1369 4208 haesitatione.
1389 4147 1440 4192 -’

276 4242 365 4312 lopati
383 4275 415 4282 -
434 4242 622 4316 existimaret]
644 4244 684 4298 De
704 4243 813 4314 legatis
832 4244 961 4298 invicem
991 4244 1028 4298 ab
1055 4250 1181 4314 utraque
1210 4248 1295 4313 parte
1323 4243 1423 4295 missis

277 4333 381 4385 statim
400 4338 468 4403 post
481 4350 611 4403 pugnam
626 4334 704 4388 inter
720 4333 892 4403 Pompeium
908 4341 939 4388 et
953 4333 1118 4388 Sertorium
1133 4332 1216 4386 nulla
1233 4331 1310 4402 apud
1326 4348 1422 4401 quem-

277 4439 365 4490 quam
385 4427 431 4476 est
450 4424 571 4491 mentio,
592 4429 710 4494 praeter
729 4423 926 4488 Licinianum,
947 4425 997 4492 qui
1016 4424 1153 4488 fortasse,
1173 4439 1255 4476 mora
1284 4438 1345 4486 suo,
1375 4421 1423 4472 hic

275 4529 391 4582 quoque
411 4517 545 4583 tempora
565 4513 699 4567 confudit
711 4514 753 4584 (v.
768 4512 893 4566 Franck.
913 4512 990 4567 Diss.
1007 4531 1033 4583 p.
1047 4514 1114 4580 2423
1135 4514 1165 4566 in
1181 4517 1276 4566 contr.
1291 4510 1422 4565 Dieckm.

243 4629 256 4658 t
276 4618 302 4674 p.
322 4601 357 4656 56
376 4601 443 4658 adn.
457 4601 492 4675 I).
509 4602 677 4660 Verisimile
691 4604 770 4659 enim
785 4607 831 4658 est
845 4605 997 4658 auctorem
1011 4601 1158 4658 Liciniani
1174 4601 1346 4658 narravisse
1360 4604 1424 4656 tum
