3658 5424
899 471 1059 532 ..32-

402 621 462 660 non
490 603 692 675 explicabant.
720 603 807 658 Nunc
835 621 903 659 eum
934 620 1060 676 quoque,
1086 603 1164 674 quod
1193 603 1331 660 male'ad
1350 606 1547 662 Arausionam

401 695 606 766 pugnavisset,
626 695 690 748 sive
709 693 774 747 iuro
793 694 858 748 siva
877 694 996 762 iniuria,
1016 710 1110 764 poena
1130 692 1291 748 multatum
1312 711 1377 750 esse
1396 695 1548 767 intellegi-

402 801 478 840 mus.
499 813 528 824 -
547 780 687 856 Rutilius]
706 781 738 836 P.
757 781 893 838 Rulilius
912 783 1019 852 Rufus,
1037 800 1116 837 anno
1135 783 1229 837 59611.
1244 785 1547 855 c.natus‚cons.649,

403 879 505 929 orator
523 873 660 942 insignis,
682 873 757 927 iuris
776 873 986 943 peritissimus,
1006 871 1146 928 Panaetii
1158 873 1285 942 auditor,
1302 890 1394 944 propa
1403 875 1549 944 perfectus

403 963 436 1019 ia
454 961 559 1020 Stoicis
578 961 649 1033 (Oia.
670 964 754 1017 Brut.
776 961 848 1033 113),
866 979 945 1016 anno
965 962 1017 1016 662
1036 962 1196 1033 Smyrnam
1215 965 1427 1032 commigravit
1454 970 1485 1018 et
1503 964 1549 1019 lit·

404 1059 537 1108 terarum
566 1050 675 1106 studiis
703 1052 840 1106 intentus
860 1053 1017 1106 consenuit
1035 1050 1132 1122 (Oros.
1151 1051 1183 1120 V,
1205 1051 1259 1124 17).
1290 1042 1382 1107 Plura
1409 1053 1445 1108 de
1465 1071 1500 1109 eo
1520 1073 1560 1110 νυ

404 1141 482 1213 apud
501 1140 598 1211 Pauly
616 1143 651 1196 R.
671 1144 708 1196 Ε.
730 1140 785 1194 sub
809 1141 967 1197 «Rutilii»
988 1146 1019 1195 et
1046 1139 1313 1197 Teuffel-Schwabe
1343 1143 1442 1198 aesca.
1463 1145 1492 1198 d.
1512 1147 1547 1200 R.

404 1235 439 1287 L.
458 1231 473 1284 I
491 1232 508 1299 ᾗ
526 1233 589 1298 142,
609 1235 633 1297 1,
653 1232 681 1296 2,
699 1235 727 1284 3.
747 1263 779 1273 -
799 1229 1008 1286 iusiurandum
1028 1263 1061 1271 -
1080 1230 1247 1304 reciperent]
1267 1231 1351 1286 Haec
1369 1249 1448 1288 nova
1467 1239 1547 1288 sunt.

405 1320 513 1374 Rutilii
533 1318 664 1373 edictum
683 1318 719 1373 ad
740 1321 857 1390 equites
877 1324 1005 1386 tantum,
1026 1337 1085 1374 nou
1104 1319 1142 1374 ad
1171 1337 1274 1375 omnes
1293 1321 1425 1376 iuniores
1453 1323 1547 1392 perti·

406 1412 506 1465 nuisss
526 1414 613 1480 putat
631 1408 706 1464 Ihna
717 1410 764 1480 (R.
786 1412 820 1466 G.
831 1410 864 1478 Vl
878 1428 904 1481 p.
917 1409 977 1478 180,
991 1409 1056 1464 adn.
1070 1411 1097 1479 1)
1111 1428 1129 1463 a
1142 1409 1274 1464 Dieakm.
1288 1409 1428 1466 laudatus
1440 1411 1478 1482 (p.
1492 1411 1546 1482 45).

406 1500 500 1556 Aliaa
511 1499 626 1554 Rutilio
636 1497 799 1570 prudenter
812 1501 932 1570 provisa
942 1504 1089 1554 memorat
1100 1499 1237 1555 Valerius
1247 1499 1396 1556 Maximus
1409 1500 1459 1571 (11,
1474 1500 1499 1570 3,
1509 1501 1546 1572 2).
