3658 5424
716 893 810 966 LIB
839 891 1011 968 XXXV.

364 1165 435 1229 ru.
461 1163 529 1244 III,
555 1184 594 1248 1.,
615 1183 695 1247 puy.
721 1164 768 1227 38
786 1183 834 1246 p„
855 1182 935 1246 pap.
960 1163 1005 1224 27
1030 1161 1069 1225 Β,

296 1309 340 1376 Α.
365 1305 485 1372 attulit
508 1311 707 1391 mentesque
737 1303 898 1388 mutavit,
924 1327 986 1368 neo
1019 1303 1201 1389 quisquam
1233 1301 1389 1368 omnium
1414 1325 1434 1366 a

364 1411 518 1478 lacrimis
541 1411 656 1499 potuit
679 1417 881 1498 temperare.
1007 1480 1012 1489 ,

430 1519 558 1586 Nolani
574 1518 746 1606 progressi
763 1517 929 1606 oppidum
938 1517 1100 1582 Abellam
1113 1515 1352 1584 incenderunt.
1365 1517 1435 1580 Ma-

363 1627 435 1692 rius
448 1625 635 1693 Servilium
651 1624 743 1712 apud
756 1625 957 1690 Ariminum
969 1623 1080 1710 fugat,
1095 1645 1222 1709 paucos
1235 1621 1370 1709 occidit,
1386 1645 1435 1688 re·

363 1735 475 1820 liquos
499 1756 583 1820 quos
607 1737 807 1820 corruperat
831 1730 958 1818 accipit
982 1731 1020 1794 in
1044 1729 1265 1796 deditionem.
1284 1737 1434 1795 senatus·

363 1865 428 1928 que
451 1864 513 1928 per
535 1841 669 1906 Metelli
700 1841 833 1926 legatos
864 1840 1040 1905 consultus
1064 1837 1106 1903 de
1131 1839 1312 1904 voluntate
1340 1838 1436 1903 Sam-

363 1949 491 2014 nitium
515 1948 574 2033 qui
598 1971 632 2012 11
656 1933 831 2034 negabant
855 1947 957 2012 aliter
972 1946 1010 2010 111
1030 1969 1151 2033 pacem
1175 1950 1348 2031 venturos,
1366 1943 1435 2009 nisi

365 2055 489 2122 civitas
512 2055 597 2142 ipsis
621 2061 656 2119 et
678 2053 836 2142 perfugis
859 2053 1018 2118 omnibus
1035 2053 1174 2117 daretur
1190 2053 1346 2136 bonaque
1363 2049 1436 2114 red-

365 2161 539 2248 derentur,
573 2160 711 2247 abnuit,
742 2154 958 2245 dignitatem
991 2158 1171 2243 antiquam
1202 2159 1241 2223 P.
1272 2159 1314 2222 R.
1339 2163 1436 2221 tuen-

364 2269 457 2334 tibus
491 2267 657 2355 patribus.
695 2267 818 2353 quibus
853 2265 1003 2352 cognitis
1027 2265 1139 2331 Cinna
1174 2288 1236 2352 per
1270 2264 1434 2329 Flavium

364 2375 557 2441 Fimbriam
582 2375 675 2460 leges
700 2397 784 2460 quas
808 2374 1033 2461 postulabant
1064 2367 1221 2438 concedit
1256 2378 1290 2437 et
1326 2370 1434 2458 copiis

365 2481 434 2546 suis
458 2481 582 2547 iunxit.

297 2593 338 2656 B.
352 2595 357 2602 '
429 2592 500 2656 Neo
521 2593 525 2677 ]
548 2589 725 2656 desinebat
741 2590 926 2677 Pompeius
939 2589 1080 2654 interim
1093 2588 1237 2654 miscere
1254 2589 1382 2656 omnia.
1401 2594 1436 2652 et

364 2720 443 2762 cum
467 2703 625 2762 senatum
649 2697 782 2764 videret
806 2681 968 2764 aversari*
982 2719 1100 2762 omnes
1125 2697 1242 2762 exules
1269 2695 1436 2760 maxime-

364 2829 429 2890 que
453 2805 585 2870 Cinnae
609 2829 757 2892 causam,
782 2805 891 2870 suasit
921 2811 1039 2872 tamen
1072 2812 1111 2870 ut
1142 2804 1294 2889 legatia
1323 2804 1435 2870 Cinna

365 2911 462 2977 missi
485 2918 561 2977 tuto
585 2913 828 3000 reciperentur.
853 2919 888 2977 et
912 2913 1003 2977 clam
1028 2935 1106 2977 cum
1142 2911 1254 2977 Cinna
1290 2911 1436 2977 consilia

365 3019 517 3086 sociabat
540 3027 574 3086 et
599 3020 742 3087 Octavio
766 3022 915 3106 tegebat.
941 3019 1114 3084 dediticiis
1133 3018 1293 3084 omnibus
1310 3018 1435 3084 civitas

365 3128 455 3215 data,
481 3129 540 3214 qui
564 3128 715 3216 polliciti
739 3129 850 3194 multa
874 3128 973 3192 milia
1001 3127 1155 3192 militum
1185 3127 1246 3192 vix
1270 3129 1360 3193 XVI
1384 3149 1437 3192 co·

365 3237 480 3302 hortes
504 3237 682 3302 miserunt.
712 3242 746 3300 et
774 3235 974 3322 pestilentia
998 3235 1359 3320 1111111111111111111,
1384 3233 1435 3298 ita

364 3350 403 3409 ut
427 3367 468 3408 ex
493 3343 687 3410 Octauianis
699 3342 856 3430 partibus
881 3341 999 3411 decem
1024 3347 1058 3406 et
1091 3347 1222 3428 septem
1253 3340 1352 3404 milia
1376 3340 1435 3405 ho-

364 3451 498 3516 minum
523 3451 728 3538 deperirent.
753 3449 939 3537 Pompeius
973 3449 1088 3514 minus
1111 3447 1248 3514 validus
1284 3470 1361 3512 cum
1397 3447 1435 3511 in

364 3560 453 3624 lecto
485 3559 711 3647 decumberet,
749 3564 824 3624 orta
859 3563 1074 3644 tempestate,
1109 3562 1147 3620 et
1181 3555 1254 3643 ipse
1285 3553 1435 3619 fulmine

364 3666 501 3733 afflatus
536 3673 587 3732 est
620 3673 655 3732 et
690 3668 827 3732 culmen
861 3663 1078 3731 tabernaculi
1113 3662 1330 3750 dissipatum.
1364 3663 1435 3728 Ne'o

364 3797 460 3861 spem
484 3774 578 3842 vitae
602 3775 765 3842 ostendit.

338 4097 371 4145 A.
387 4095 488 4160 Attulit]
507 4110 531 4159 p.
548 4092 718 4158 (AETULIT
736 4090 821 4158 cod.)3
838 4092 924 4143 obtulit
940 4090 970 4141 Β.
986 4117 1018 4130 -·
1032 4088 1157 4155 Atellam]
1176 4089 1214 4152 B„
1230 4087 1324 4141 Abella
1339 4085 1399 4140 cod.
1411 4113 1442 4126 -

290 4178 449 4241 corruperat]
467 4177 539 4240 cod.;
554 4181 723 4236 ccrrupuerat
739 4178 780 4236 (=
797 4175 969 4234 corripuerat)
985 4173 1031 4236 B.;
1045 4172 1165 4221 Franck.
1182 4173 1218 4234 (p.
1235 4171 1292 4232 238)
1312 4169 1442 4234 proponit

291 4273 352 4319 quoe
366 4258 393 4306 in
409 4258 494 4306 urbem
509 4256 665 4318 compulerat
681 4260 732 4305 aut
749 4255 954 4315 circumdederat,
980 4251 1027 4302 sed
1045 4252 1167 4302 alterum
1192 4251 1305 4316 longius
1326 4256 1368 4300 est
1392 4266 1442 4313 pro

291 4353 407 4388 numero
423 4339 584 4388 litterarum
602 4337 630 4386 in
648 4334 714 4396 cod,
732 4335 853 4385 alterum
871 4335 922 4384 hoc
941 4335 1000 4384 loco
1016 4347 1071 4382 non
1090 4331 1230 4382 idoneum.
1254 4331 1310 4395 ipsi
1328 4331 1442 4382 conicie

290 4419 391 4469 bamus
409 4424 628 4469 «eenoerruemt»
654 4416 709 4478 sed,
735 4415 882 4466 remelius
906 4414 1090 4476 considerate,
1110 4412 1169 4464 cod.
1185 4413 1333 4463 lectionem
1350 4428 1444 4462 serva-

289 4500 391 4551 vimus
407 4528 439 4538 -
454 4500 505 4550 nisi
519 4500 606 4560 ciuitas
622 4526 652 4535 -
668 4498 844 4562 redderentur]
862 4495 1036 4546 Schmidtius
1052 4499 1088 4558 (p.
1106 4494 1163 4556 225)
1187 4493 1230 4544 ite
1246 4486 1346 4544 1111111
1356 4493 1443 4543 verba

289 4579 513 4646 transponenda:
530 4580 580 4629 uiri
594 4579 683 4629 uiuitur
693 4578 756 4640 ipris
766 4576 873 4626 deretur
889 4582 911 4625 et
924 4576 1042 4638 perfugis
1059 4574 1171 4624 omnibus
1181 4573 1246 4623 boue
1256 4571 1423 4624 redderentur
1430 4591 1441 4634 ‚¹
