3658 5424
751 519 913 582 ..35-

260 651 313 723 IX,
333 653 384 722 18;
404 652 505 720 Quint.
525 653 575 722 VI,
596 653 682 722 1,19.
703 684 737 697 -
756 650 906 726 barbarus]
927 668 1033 708 servus
1058 651 1109 708 ilie
1137 652 1255 709 Cimber
1275 655 1325 726 qui
1345 653 1406 710 Ma-

261 745 339 796 rium
358 743 527 798 interficere
547 761 607 798 non
626 760 717 798 ausus
737 747 792 798 cst.
822 775 848 783 -
866 745 1044 797 oraverat-
1060 746 1197 797 evaserat.
1213 741 1408 814 Temporibus

262 833 447 904 piusquamp.
467 834 530 904 ipse
549 833 723 888 Licinianus
743 831 886 887 lectorem
907 833 1058 888 monuisse
1077 831 1198 888 videtur
1221 833 1298 888 hanc
1318 832 1408 890 histo·

261 923 367 978 riclam
386 923 625 978 additamentum
645 940 720 980 osse.

315 1013 348 1066 B.
367 1043 401 1054 -
419 1030 484 1069 eum
504 1013 580 1070 mille
593 1013 706 1069 circiter
717 1029 838 1069 numero
852 1045 885 1054 -
903 1015 1095 1082 Telamonem]
1110 1012 1148 1068 cf.
1163 1013 1242 1068 Plut.
1256 1013 1348 1086 (Mar.
1361 1013 1408 1086 41)

261 1101 424 1176 παραλαβὼν
444 1105 471 1158 'aa
488 1113 537 1177 τῆς
557 1103 658 1177 Λιβύης
679 1102 850 1176 Μαυρουσίων
870 1107 940 1166 τινὰς
959 1103 1068 1165 ἱππότας
1087 1105 1194 1157 καὶτῶν
1209 1102 1258 1156 ἀπὸ
1273 1113 1321 1176 τῆς
1340 1102 1408 1156 Ἰτα-

262 1192 323 1254 λὶας
336 1197 403 1254 τινὰς
422 1195 650 1266 καταφερομένων,
665 1195 874 1267 συναμφοτέρους
889 1194 918 1248 ob
931 1193 1052 1256 πλείονας
1067 1193 1155 1266 χιλίων
1174 1195 1333 1266 γενομένους,
1346 1193 1409 1265 μεθ’

263 1277 297 1334 ὧν
316 1283 439 1356 ἀνήχθη,
457 1284 610 1355 προσβαλὼν
628 1283 768 1356 Τελαμῶνι
786 1293 834 1356 τῆς
853 1283 1009 1356 Τυρρηνίας.
1030 1313 1062 1324 -
1092 1283 1214 1354 Brutus]
1235 1282 1275 1336 M.
1296 1282 1407 1337 Junius

262 1373 383 1442 Brutus,
403 1380 523 1444 praetor
542 1391 620 1428 anno
639 1392 667 1428 u.
687 1376 740 1428 666
759 1392 776 1428 a
795 1372 877 1427 Sulla
896 1375 1090 1444 proscriptus
1111 1372 1206 1426 solum
1221 1371 1298 1442 apud
1312 1373 1406 1426 Licin.

262 1463 341 1516 inter
361 1463 463 1537 exules
482 1477 556 1518 cum·
568 1463 664 1518 Mario
683 1465 714 1518 in
742 1463 864 1517 Italiam
895 1479 1032 1520 reversos
1061 1465 1251 1516 nominatur:
1279 1462 1349 1516 hinc
1377 1461 1407 1515 id

264 1568 380 1622 quoque
400 1551 541 1607 discimus
561 1570 628 1606 eum
647 1553 677 1606 in
697 1552 875 1623 Hispaniam
901 1557 973 1606 tunc
993 1553 1158 1607 secessisse.
1180 1551 1222 1605 De
1242 1551 1330 1606 huius
1349 1551 1408 1606 viri

262 1645 359 1694 morte
375 1657 403 1696 ν.
424 1641 489 1695 Liv.
509 1643 574 1695 Per.
593 1640 766 1694 LXXXIX.
786 1672 819 1682 -
839 1643 865 1696 et
879 1658 946 1696 cam
959 1641 1099 1710 deformis
1112 1672 1145 1682 -
1159 1637 1271 1713 milites]
1282 1639 1317 1694 cf.
1332 1641 1407 1710 App.

262 1729 281 1783 l.
305 1749 342 1785 m.
360 1729 384 1799 Ι,
404 1731 446 1798 67,
465 1730 544 1786 Piut.
564 1733 643 1786 Μαν.
662 1731 705 1784 41.
725 1761 759 1772 -
779 1731 907 1788 Sertorio
920 1761 954 1772 -
967 1730 1110 1800 partibus.
1125 1729 1272 1796 Quattuor
1285 1730 1408 1784 fuerunt

263 1820 353 1874 duces
372 1819 449 1889 apud
469 1820 547 1874 Livii
568 1821 781 1891 epitomatores
799 1821 879 1891 (Liv.
894 1823 961 1878 Per.
980 1821 1030 1889 793
1051 1820 1132 1874 Flor.
1153 1819 1192 1888 ΙΙ,
1212 1820 1304 1887 9,13;
1324 1819 1407 1874 Oros.

263 1909 296 1977 V,
318 1911 358 1976 19,
378 1911 424 1981 9):
443 1909 566 1978 Marius,
586 1909 688 1977 Cinna,
708 1908 811 1977 Carbo,
832 1909 1001 1977 Sertorius3
1020 1915 1084 1964 tres
1103 1909 1180 1980 apud
1200 1911 1274 1982 App.
1295 1909 1331 1980 (c.
1353 1907 1407 1978 67),

264 2000 310 2052 oui
329 2001 494 2054 assentitur
513 1998 694 2056 Plutarchus
722 2000 807 2071 (Seri.
826 1999 851 2066 5,
871 1999 908 2070 3),
938 2001 988 2068 qui
1023 1999 1188 2053 Carbonem
1216 2017 1275 2053 nou
1295 1998 1408 2064 ducem,

264 2087 315 2142 sed
335 2088 445 2142 Cinnae
465 2088 597 2159 legatum
612 2090 774 2143 existimat.
789 2121 821 2129 -
835 2087 967 2161 Papirio]
981 2088 1032 2142 Cn.
1055 2088 1173 2158 Papirio
1187 2087 1313 2142 Carboni
1329 2105 1407 2142 cons.

265 2196 292 2232 a.
310 2196 338 2231 u.
358 2179 419 2234 669.
439 2211 469 2220 -
490 2177 624 2240 Milonis]
645 2179 675 2233 C.
695 2179 1051 2242 Miloninmseuatorem,
1076 2195 1164 2248 quem
1183 2195 1250 2231 cum
1276 2177 1407 2231 Sertorio

265 2267 418 2337 alteroque
438 2267 467 2322 C.
487 2268 583 2322 Mario
602 2267 639 2321 ad
658 2267 781 2322 Cinnam
797 2267 967 2338 confugisse
982 2267 1075 2322 tradit
1094 2269 1244 2338 Appianas
1257 2267 1287 2338 (1.
1302 2285 1339 2320 m.
1352 2267 1407 2338 65),

265 2356 346 2410 solus
365 2357 538 2412 Licinianus
558 2359 637 2411 inter
657 2356 746 2411 duces
766 2364 939 2424 enumerat;
961 2355 1012 2411 sed
1031 2356 1187 2410 Milonium
1210 2356 1341 2426 legatum
1362 2373 1408 2426 po·

266 2448 326 2500 tius
346 2446 433 2500 Marii
452 2447 500 2501 vol
521 2446 632 2500 Cinnae
652 2446 744 2500 fuisse
763 2445 850 2501 facile
870 2445 1057 2500 conciuditur
1071 2463 1107 2499 ex
1126 2447 1163 2499 iis
1177 2463 1252 2514 quae
1266 2463 1332 2515 pag.
1347 2461 1407 2514 seq.

265 2540 437 2589 narrantur.
458 2566 489 2576 —
508 2533 658 2607 Pompeio]
677 2534 729 2588 Cn.
749 2533 907 2604 Pompeius
930 2533 1044 2601 Strabo,
1074 2533 1177 2603 Magni
1205 2537 1298 2602 pater,
1327 2549 1406 2586 cons.

266 2642 344 2678 anuo
363 2643 391 2678 u.
413 2625 473 2678 665.
493 2623 524 2678 Is
544 2627 575 2678 in
596 2630 681 2678 tanto
701 2623 881 2694 reipublicae
901 2623 1031 2694 periculo
1045 2623 1245 2677 haesitantem
1265 2629 1295 2674 et
1315 2623 1407 2675 incer·

266 2721 330 2767 tum
349 2731 381 2768 se
400 2714 544 2784 praebuit,
557 2713 633 2784 quod
652 2711 817 2768 frustratus
836 2705 887 2783 spe
902 2711 1095 2766 continuandi
1110 2713 1307 2782 magistratus
1321 2711 1407 2782 (Veli.

268 2804 331 2858 Pat.
349 2803 390 2872 II,
410 2804 453 2871 21,
473 2805 509 2876 2),
523 2823 602 2858 nunc
615 2803 819 2858 arbitrabatur
833 2803 937 2858 adesse
951 2804 1135 2858 occasionem
1155 2801 1271 2856 consilii
1286 2802 1333 2856 sui
1347 2819 1407 2872 per-

266 2893 392 2962 ficicndi,
404 2896 427 2949 si
439 2896 557 2949 senatui
567 2913 625 2949 non
637 2895 765 2950 salutem
775 2895 934 2948 i'erretnisi
946 2895 1041 2964 pretio
1052 2892 1224 2947 consulatus
1234 2892 1274 2964 (ν.
1286 2890 1406 2946 Momm.

267 3001 292 3038 o.
311 3002 349 3038 m.
369 2984 408 3053 ΙΙ,
428 3003 454 3056 ρ.
473 2986 544 3054 295).
564 3017 595 3027 -
617 2983 719 3059 vetere]
737 2987 756 3039 i.
779 3001 937 3040 enumero
957 2983 1097 3037 miiitum.
