3658 5424
893 485 1051 544 -22-

394 637 493 674 corum
508 621 562 673 scri
565 627 680 688 piorum
696 636 777 684 opera
795 619 881 684 longa
896 615 1100 668 consuetudine
1110 616 1233 678 triverit,
1243 616 1292 679 qui
1304 631 1338 665 ea
1348 613 1401 664 tali
1417 611 1501 663 modo
1516 613 1547 662 in

394 704 528 754 latinam
545 703 674 768 linguam
689 700 865 751 transferret
881 699 953 751 Vide
968 697 1045 763 quod
1060 698 1262 748 adnotavimus
1273 694 1311 745 ad
1326 696 1375 744 lin
1386 695 1512 746 mul
1522 695 1548 743 B

393 779 1234 848 (piop-atiflssgablu'rcodetp-dnoer'pa'e-
1254 775 1387 825 amana
1405 775 1547 838 &3an

392 865 579 914 enunciatnm
594 861 732 927 superiori
747 861 833 922 eloqu
842 889 874 897 -
886 861 995 922 φησι
1005 859 1079 909 male
1090 858 1271 908 connectitur
1281 861 1368 920 atque
1379 854 1451 904 illud
1463 859 1546 904 aute-

392 944 491 995 cedere
506 943 598 994 debet
621 942 834 993 Dieckmaunus
857 945 895 1004 (p.
910 941 942 990 ³6
956 939 988 989 in
1004 938 1082 1001 adn.)
1104 938 1152 989 hic
1167 953 1280 1002 quoque
1301 937 1458 987 sententias
1472 936 1547 986 male

389 1024 470 1075 inter
485 1039 515 1074 se
529 1022 666 1086 coniungi
681 1021 836 1081 existima,
848 1018 925 1085 quod
941 1019 1108 1070 licinianus
1117 1019 1300 1070 enuntiatum
1314 1024 1339 1066 d
1352 1033 1399 1066 nee
1412 1018 1477 1078 tysis
1491 1023 1545 1066 ete.

393 1106 424 1155 in
439 1105 547 1156 Graeco
562 1104 640 1154 fonte
656 1102 762 1153 musali
778 1101 878 1165 aliqua
894 1100 1036 1166 particula
1050 1116 1118 1151 cum
1132 1097 1311 1150 antecedenti
1330 1098 1397 1148 nile
1411 1097 1546 1158 indm-e·

391 1213 423 1223 -
438 1186 546 1248 effatam
560 1184 754 1243 coniunctum,
771 1183 865 1246 inepte
876 1198 945 1232 snae
956 1181 1113 1246 particulae
1128 1199 1142 1228 ι
1154 1187 1177 1229 α
1190 1199 1203 1228 ο
1218 1195 1270 1244 ope
1279 1177 1466 1242 copulaverit.
1477 1177 1549 1228 Rec-

392 1264 452 1316 tius
467 1265 556 1314 Bonn.
572 1264 670 1328 (praef.
693 1263 816 1323 xvffli:
842 1261 986 1311 uenam
1011 1259 1199 1311 saurim
1222 1276 1273 1308 m
1295 1260 1414 1309 uranu
1436 1258 1484 1320 qu'
1499 1257 1548 1306 lar

393 1345 514 1395 Ιιὶιίοηὶισ
527 1343 675 1406 mcerpebut
698 1343 871 1392 meretoc
886 1341 1019 1392 Boream
1044 1342 1147 1390 uiridis
1162 1341 1287 1402 specium
1301 1339 1456 1401 addiditque
1475 1337 1548 1387 illia

389 1443 458 1486 uae,
473 1443 552 1487 quom
562 1427 683 1482 norimus,
692 1424 839 1487 pameneae
848 1440 904 1485 ope.
913 1421 1090 1474 Schmidtius
1099 1423 1130 1484 (l.
1141 1427 1190 1484 m.)
1205 1422 1291 1472 velit:
1308 1423 1393 1483 itaque
1406 1421 1549 1482 »iulum

393 1505 1076 1570 uteumpoueteffupereneoeneipumpdertibua
1099 1503 1252 1553 deceased
1275 1501 1549 1553 haedereubdim'l

393 1587 546 1638 sarmada
560 1594 587 1636 at
602 1588 694 1636 amine
709 1588 822 1636 man
836 1587 970 1636 inclama
986 1583 1348 1648 mee(v.comm).ua1a·u]
1362 1583 1478 1633 Manliae
1487 1581 1548 1632 cod.

394 1668 436 1730 (in
453 1667 500 1718 fol.
516 1669 558 1717 111
574 1685 597 1717 r.
609 1667 746 1727 Munatius)
761 1684 788 1731 p.
798 1668 831 1716 B.
845 1667 941 1716 Etiam
950 1667 982 1716 in
998 1666 1119 1716 aliorum
1129 1665 1300 1730 scriptorum
1310 1663 1455 1716 codicibus
1465 1661 1548 1713 modo

395 1767 409 1794 ι
422 1747 536 1798 Manliae
547 1767 560 1794 a
577 1746 660 1798 modo
675 1745 694 1793 α’
703 1746 827 1796 Mantuae
838 1767 851 1792 ι
868 1746 1038 1806 invenimus,
1049 1744 1098 1796 md
1109 1761 1208 1796 verum
1221 1761 1330 1806 nomen,
1343 1749 1377 1794 ut
1387 1760 1423 1794 ex
1434 1743 1548 1806 inscrip

395 1827 522 1878 tionibus
537 1827 577 1889 (C.
593 1828 614 1876 Ι.
631 1828 661 1876 L.
677 1827 714 1878 X.
731 1827 805 1891 1781,
822 1827 851 1877 G.
862 1827 884 1876 I.
893 1827 928 1878 G.
938 1826 1014 1888 2485)
1023 1826 1188 1890 accepimus,
1199 1825 1299 1890 procul
1318 1823 1406 1874 dubio
1421 1828 1465 1874 est
1480 1822 1549 1873 Mal·

395 1907 452 1958 lius
466 1907 641 1970 (Maximus).

442 1990 473 2039 B.
488 1988 584 2039 Huius
598 1988 746 2039 columnae
763 2004 861 2053 margo
877 1987 999 2039 exterior
1015 2004 1220 2052 nonnunquam
1246 1987 1365 2038 avulsus
1388 1993 1439 2049 est,
1455 1987 1498 2036 ita
1514 1991 1550 2036 ut

396 2085 455 2121 uua
463 2070 588 2121 alterave
595 2069 694 2120 littera
705 2069 840 2120 excidisse
850 2069 992 2120 videatur.
1004 2087 1060 2134 p.-
1068 2076 1092 2120 et
1101 2087 1157 2119 cam
1168 2069 1324 2121 modam
1338 2071 1476 2119 mecm
1486 2069 1548 2132 etc}

396 2150 589 2215 epitomatoris
605 2149 700 2216 potius
715 2150 896 2216 neglegentia
912 2167 998 2214 quam
1014 2149 1119 2201 codicis
1137 2150 1299 2214 corruptela
1320 2151 1430 2200 iactum
1446 2155 1496 2210 ast,
1513 2155 1548 2198 ut

397 2231 471 2296 quod
481 2231 589 2282 dieitur
599 2231 634 2282 de
645 2231 781 2295 Caepione
789 2231 825 2281 ad
835 2231 966 2282 Mallium
975 2233 1074 2282 referri
1085 2231 1218 2282 videatur
1228 2236 1266 2292 (v.
1275 2229 1302 2280 d,
1314 2247 1343 2280 n.
1350 2230 1381 2280 in
1390 2230 1451 2280 llic.
1459 2230 1490 2279 di
1496 2229 1549 2279 Fu.

398 2329 433 2363 m.
443 2330 469 2377 p.
481 2314 577 2374 280).-
588 2329 665 2374 neqee
680 2311 777 2362 &daci
789 2313 1039 2377 potuit—ianaerd]
1058 2313 1135 2362 Haec
1151 2313 1239 2363 verba
1254 2313 1286 2362 iu
1300 2312 1457 2376 audetque
1472 2310 1548 2375 apud

395 2411 421 2459 p.
437 2401 466 2445 et
484 2397 514 2444 B.
524 2393 660 2459 leguntur
669 2397 733 2457 post
740 2410 788 2442 uon
797 2395 868 2456 Ioppe
883 2411 902 2442 a
918 2393 1009 2444 Manat
1015 2395 1108 2444 casira
1114 2395 1252 2454 masticata,
1268 2392 1317 2444 oed
1332 2393 1392 2443 illic
1407 2393 1481 2443 eain
1490 2393 1549 2442 loeo

397 2491 454 2526 non
462 2473 562 2525 idoneo
570 2490 629 2525 esse
636 2474 707 2524 satis
715 2479 838 2539 apparet,
847 2490 913 2526 eum
922 2490 1013 2538 neque
1023 2473 1061 2526 ad
1077 2475 1216 2536 Mallium,
1226 2475 1276 2538 qui
1286 2473 1438 2536 Caepionem
1453 2480 1549 2524 omae!

395 2562 423 2606 ut
438 2556 519 2618 copiis
533 2556 627 2605 iuneti}
646 2555 731 2607 Gallia
746 2556 892 2617 resisterent,
909 2555 1056 2606 referenda
1072 2555 1141 2618 sint,
1155 2572 1246 2619 neque
1261 2555 1298 2605 ad
1308 2555 1474 2619 Caepionem
1490 2554 1549 2619 qui,

397 2641 459 2701 post
475 2635 582 2686 cladem
599 2641 750 2700 acceptam,
768 2637 880 2686 nullum
897 2636 1054 2686 exercitum
1070 2636 1188 2701 iungere
1205 2637 1344 2700 potuisset
1354 2638 1401 2698 (ct
1416 2636 1548 2686 Bursian.

397 2717 414 2767 L
431 2733 467 2766 m.
485 2733 509 2780 p.
524 2717 590 2778 650).
601 2717 641 2766 Eo
652 2716 804 2766 enunciato
815 2732 859 2767 rea
876 2715 944 2766 addi
954 2717 1070 2768 videtur
1081 2733 1139 2780 qua
1151 2717 1242 2781 magis
1253 2716 1400 2782 magisque
1410 2715 1441 2766 iu
1451 2722 1550 2780 aperto

396 2798 448 2848 fiat
464 2801 574 2860 quanta
590 2796 730 2860 superbia,
746 2802 814 2847 ante
830 2797 969 2861 proelium
985 2814 1042 2861 quo
1066 2797 1234 2863 profligatus
1250 2803 1299 2860 est,
1318 2797 1419 2861 Caepio
1436 2813 1465 2848 se
1488 2813 1551 2862 ges-

396 2878 472 2930 serit.
488 2879 517 2928 Ie
532 2877 640 2929 scilicet
657 2877 770 2928 traiecit
778 2877 893 2942 quidem
903 2878 1082 2940 Rhodanum,
1100 2877 1148 2928 sed
1165 2885 1259 2930 castra
1272 2880 1374 2930 castris
1384 2878 1476 2929 Mallii
1487 2894 1550 2930 con·

396 2960 514 3024 iungere
530 2959 624 3010 noluit
649 2961 687 3019 (v.
704 2959 785 3008 Dion.
803 2959 877 3010 Cass.
893 2960 928 3009 fr.
943 2961 976 3008 82
991 2961 1076 3010 Melb.
1088 2953 1145 3006 οὔτε
1157 2955 1181 3007 ἐν
1192 2963 1227 3025 τῷ
1239 2954 1309 3024 αὐτῷ
1320 2952 1410 3025 χωρίῳ
1421 2952 1548 3026 ηὐλίσατο

400 3032 457 3086 οὔτε
475 3052 500 3085 τι
518 3032 654 3104 βούλευμα
671 3035 755 3086 κοινὸν
775 3033 941 3104 ἐποιήσατο),
964 3045 998 3090 ut
1015 3039 1059 3090 sui
1078 3041 1220 3091 exercitus
1236 3057 1380 3090 summum
1399 3040 1549 3104 imperium

399 3125 534 3171 servaret.
550 3120 761 3171 Dieckmannus
777 3124 814 3184 (p.
832 3120 864 3170 32
879 3120 910 3170 in
934 3120 1018 3183 adn),
1035 3121 1093 3185 qui,
1117 3122 1349 3185 quotiescumque
1367 3121 1428 3172 fieri
1451 3126 1550 3184 potest,

398 3200 538 3251 Liciniani
554 3201 599 3251 sui
612 3216 727 3252 causam
744 3205 814 3263 orat,
826 3201 868 3251 ita
884 3217 943 3252 rem
960 3201 1099 3266 explicare
1110 3207 1243 3252 conatur:
1261 3202 1392 3264 aarum
1404 3201 1507 3266 inquit,
1519 3201 1552 3250 ab

399 3282 474 3343 Neu
489 3281 658 3344 (ADDUOI),
676 3280 743 3343 quod
758 3282 786 3330 in
801 3281 939 3344 archetypo
952 3289 1011 3344 post
1031 3283 1152 3332 ιυοίιιὶι»
1173 3288 1237 3343 erat,
1258 3281 1389 3332 &mosae
1404 3282 1551 3332 videnti-od

398 3362 469 3412 NEC
486 3363 685 3425 (LfflATUS),
700 3362 768 3424 qaod
783 3361 855 3411 lmucl
870 3362 977 3412 multam
992 3362 1097 3423 abero&
1115 3363 1205 3412 deinde
1221 3380 1277 3412 cum
1293 3363 1417 3425 defectum
1432 3362 1552 3411 ammud-

396 3445 516 3504 vertieael,
532 3444 611 3494 verba
639 3459 751 3508 «neque
766 3471 798 3481 -
814 3444 945 3508 iungeret
956 3466 968 3489 a
997 3445 1025 3494 in
1048 3445 1164 3506 oramine
1185 3445 1306 3506 possiem
1330 3443 1395 3492 aude
1411 3451 1500 3506 postea
1522 3461 1552 3492 eu

396 3525 464 3587 salso
480 3525 533 3574 loco
546 3525 574 3574 in
585 3530 678 3574 lectum
694 3525 787 3574 vennae
797 3525 962 3575 iudicandum
973 3531 1015 3574 eet.
1031 3554 1062 3562 -
1077 3525 1114 3574 ad
1133 3542 1209 3575 arom
1231 3525 1351 3574 redirent.
1367 3531 1444 3586 capla
1453 3531 1554 3587 postero

397 3605 438 3654 die
455 3605 550 3668 eastra]
569 3604 690 3655 Bursian
706 3608 741 3666 (o.
758 3620 794 3654 m.
813 3604 831 3654 l.
848 3609 912 3670 m.);
927 3611 955 3655 ut
970 3606 1105 3668 ἀωρεναὶα
1124 3623 1192 3668 pace
1209 3618 1236 3658 <
1248 3623 1273 3655 ae
1289 3612 1494 3659 conuerterat>
1517 3607 1554 3654 cd

399 3685 576 3747 oppugnanda
597 3690 699 3746 postero
724 3683 767 3734 die
791 3692 878 3736 castra
892 3685 945 3735 eiua
957 3686 1011 3750 Μ.;
1032 3693 1060 3736 ut
1075 3685 1144 3748 desp.
1161 3703 1191 3748 p.
1206 3687 1375 3736 adorerentur
1394 3691 1496 3748 postero
1511 3686 1554 3734 die

398 3771 485 3814 eastra
501 3765 604 3828 eim133
621 3763 756 3826 &peram
769 3781 835 3827 pace
850 3765 1029 3828 adpupnarent
1045 3773 1132 3816 eastra
1142 3767 1188 3828 (cti
1205 3767 1270 3817 Tac.
1281 3767 1349 3817 Ana.
1359 3765 1406 3829 IV,
1422 3765 1552 3828 48)Kei1.

397 3845 426 3908 (l.
444 3860 479 3894 m.
496 3859 559 3909 pag.
575 3843 641 3906 628).
657 3843 711 3894 Sed
727 3860 794 3896 eum
810 3845 1004 3896 Dieckmanno
1019 3850 1056 3909 (p.
1072 3845 1104 3896 31
1117 3845 1148 3896 in
1164 3844 1242 3908 adn.)
1264 3861 1359 3896 omues
1375 3845 1553 3897 coniecturas

397 3941 470 3990 quae
491 3932 610 3986 coapta»
633 3930 754 3988 mutent,
770 3925 926 3976 reiciendas
942 3942 1000 3978 esse
1020 3942 1174 3978 censemus.
1198 3927 1264 3978 Cod.
1286 3927 1425 3978 exhibet.
1443 3963 1449 3978 .
1467 3963 1473 3976 .
1488 3927 1553 3977 ΡΑ-

398 4003 551 4056 OEADOU.
562 4004 617 4068 .(in
628 4010 753 4056 extremo
762 4021 847 4058 versu
858 4007 887 4068 B,
898 4007 935 4066 17,
945 4005 1020 4057 unde
1029 4005 1102 4056 duae
1112 4006 1224 4058 litterae
1234 4006 1414 4062 exciderunt)
1422 4007 1554 4071 capre,

402 4086 585 4150 quamobrem
601 4085 754 4138 verisimile
769 4085 885 4138 videtur
901 4085 977 4150 quod
993 4087 1151 4138 Bursianus
1166 4089 1195 4150 (l.
1212 4093 1261 4152 m.)
1275 4088 1388 4152 conicit,
1405 4087 1435 4138 id
1452 4093 1501 4151 est,
1518 4088 1554 4138 li-

405 4166 491 4216 brarii
508 4166 597 4216 oeulis
613 4165 644 4217 in
660 4165 873 4218 antecedentem
890 4183 1004 4218 versum
1028 4168 1230 4219 aberrantibus
1246 4168 1287 4232 (in
1303 4168 1359 4220 fine
1378 4185 1404 4219 v.
1421 4169 1452 4218 16
1466 4168 1554 4220 OUIT

398 4251 553 4310 postremae
566 4246 679 4298 litterae
688 4263 747 4300 voe.
758 4247 890 4310 manavit)
901 4246 1011 4312 aliquid
1020 4247 1156 4300 excidisse
1168 4249 1248 4300 velut
1262 4249 1316 4299 «od
1324 4266 1401 4300 orato
1411 4249 1523 4300 redirent
1531 4271 1554 4300 υ.

401 4326 443 4378 De
461 4327 550 4378 tieem
570 4334 668 4390 «capio
680 4346 702 4390 n,
717 4327 813 4394 inquit
829 4345 861 4394 p,
879 4327 995 4380 dubitari
1014 4346 1063 4379 non
1084 4335 1171 4393 potest,
1199 4347 1262 4392 quar
1275 4336 1354 4392 puer
1377 4346 1474 4393 quoque
1496 4329 1521 4380 t.
1538 4328 1555 4380 l.

404 4413 502 4462 casare
517 4408 590 4460 ve'dit.
