3658 5424
760 491 963 540 -V11——

296 637 437 710 virium
457 639 687 734 exiguitatis,
707 641 772 712 sed
792 667 948 736 sperans
963 651 1090 713 tamen
1109 641 1236 738 aliqua
1254 669 1299 716 ex
1318 651 1425 739 parte

296 772 454 847 fortasse
469 801 546 847 non
565 802 708 848 vanum
727 775 883 848 omnino
898 787 935 852 et
948 776 1101 854 inanem
1116 776 1284 852 laborem
1299 805 1427 852 meum

271 905 387 980 .fore.
416 907 472 980 Ac
499 910 653 1006 quidem
679 910 711 982 si
729 910 899 983 codicem
918 910 1044 1006 ipsum
1062 911 1346 986 Londinensem
1370 913 1428 985 in-

280 1042 441 1136 spicere
468 1071 545 1116 non
572 1045 679 1141 potui
694 1043 714 1138 ¹,
743 1047 819 1139 sed,
844 1056 885 1116 ut
911 1045 987 1116 iam
1015 1045 1234 1121 Bonnenses
1261 1048 1357 1143 edd,
1385 1074 1429 1121 11

297 1186 446 1249 tantum
470 1207 487 1247 «
506 1181 636 1252 codicis
652 1206 763 1252 mortu
780 1183 906 1276 scripti
923 1183 1078 1274 imopine
1097 1209 1114 1249 >›
1135 1184 1146 1220 ²
1166 1207 1280 1276 quam
1302 1182 1429 1254 minor

300 1313 470 1387 Pertuius
498 1313 705 1410 proposuit,
733 1339 823 1386 usus
850 1339 953 1407 sum3
981 1315 1013 1385 si
1040 1325 1184 1387 textum
1203 1341 1225 1386 a
1252 1315 1429 1388 Bonnen-

298 1453 401 1526 sibus
427 1453 558 1523 datum
591 1448 723 1544 paucis
755 1449 962 1520 admodum
989 1447 1081 1522 locis
1113 1448 1329 1546 suppletum
1365 1460 1431 1522 aut

296 1575 487 1660 mutatum
506 1585 678 1679 exhibui3
698 1585 729 1657 si
749 1585 912 1681 denique
927 1611 1004 1657 non
1023 1586 1198 1659 omnibus
1213 1612 1308 1682 quae
1328 1587 1430 1682 apud

299 1722 545 1794 Licinianum
571 1721 716 1793 incerta
743 1730 780 1793 11
806 1723 966 1792 obscura
1006 1747 1043 1793 se
1070 1723 1263 1817 praebent,
1300 1721 1430 1794 lumen

299 1857 453 1954 aliquod
478 1854 648 1928 attulisse
685 1856 854 1948 confid03
895 1865 1034 1949 tamen,
1063 1881 1149 1927 eum
1182 1855 1429 1930 adhibuerim

299 2019 341 2065 ac
369 1990 572 2086 diligenter
607 1989 873 2085 perpenderim
901 1990 941 2060 in
977 1989 1122 2085 duplici
1155 1991 1430 2063 commentario

280 2151 372 2221 ·quo
399 2123 466 2196 has
493 2122 735 2195 Licinianeas
763 2120 943 2218 reliquias
970 2123 1145 2216 instruxi,
1170 2123 1357 2220 quidquid
1384 2125 1432 2196 ad

217 2328 220 2332 .
298 2285 359 2332 eas
386 2257 465 2330 sive
494 2255 724 2352 supplendas
752 2256 831 2328 sive
859 2257 1116 2328 emendandas
1135 2256 1214 2329 sive
1233 2255 1429 2328 illustran-
1500 2325 1503 2343 ,

300 2395 366 2465 das
393 2391 533 2464 eruditi
560 2390 634 2461 viri
660 2416 778 2486 usque
805 2391 853 2462 ad
879 2375 1119 2486 hoc'tempus
1138 2390 1432 2486 disputaverunt

301 2537 366 2598 aut
392 2526 648 2617 coniecerunt,
684 2550 795 2597 nemo
822 2535 923 2597 certe
956 2551 1098 2621 aequus
1130 2525 1244 2597 iudex
1277 2524 1433 2620 negabit

300 2687 360 2734 me
387 2658 648 2756 expolitiorem
675 2660 878 2732 materiam
905 2659 1123 2755 praebuisse
1148 2657 1433 2754 facilioremque

302 2795 404 2867 viam
423 2795 702 2890 quodammodo
721 2793 914 2889 aperuisse
933 2793 965 2866 si
983 2793 1067 2890 quis
1082 2792 1240 2889 posthac
1255 2793 1305 2863 in·
1316 2791 1434 2888 scrip-

301 2940 421 3002 torem
449 2938 527 3000 tam
555 2928 621 3000 diu
647 2927 864 3023 neglectum
890 2953 1009 3000 novas
1036 2926 1183 3024 aliquas
1215 2952 1325 2999 curas
1344 2951 1433 2998 con-

300 3061 398 3136 ferre
425 3061 527 3135 velit.
556 3061 709 3133 Iuvabit
735 3071 930 3157 praeterea
955 3087 1016 3134 me
1043 3061 1224 3158 primum,
1252 3070 1337 3156 post
1355 3069 1434 3132 tex*

302 3207 383 3268 tum
409 3223 431 3268 a
458 3195 723 3268 Bonnensibus
746 3196 890 3291 datum,
917 3222 976 3269 res
1003 3222 1025 3268 a
1052 3195 1254 3268 Liciniano
1274 3193 1432 3265 traditas

300 3331 587 3426 interpretando
627 3329 900 3427 explicavisse3
941 3357 1031 3402 nam
1071 3331 1172 3427 quod
1210 3328 1347 3401 attinet
1385 3328 1434 3399 ad

299 3464 628 3558 commentarium,
655 3490 729 3560 quo
755 3463 920 3537 Karolus
954 3463 1064 3538 Perta
1091 3463 1298 3536 editionem
1328 3460 1433 3557 prin-

300 3599 423 3695 cipem
450 3597 640 3670 illustrare
667 3607 825 3670 conatus
861 3607 927 3692 est,
954 3599 1047 3670 adeo
1087 3597 1127 3668 id
1166 3595 1362 3688 obsolevit,
1390 3603 1432 3664 ut

301 3733 378 3806 iam
405 3731 482 3804 fere
510 3729 656 3802 nullam
683 3729 887 3804 utilitatem
919 3731 1054 3804 afferre
1081 3731 1209 3828 possit.

349 4002 356 4032 ¹
378 4001 451 4055 Cum
471 3999 508 4053 ad
528 3997 745 4054 restituendam
766 4001 920 4070 antiquam
943 3998 1215 4070 scripturamolim
1236 3998 1357 4054 cultello
1377 3997 1444 4050 dili·

294 4108 471 4178 gentissime
491 4123 607 4160 erasnm
636 4108 803 4161 ammonius
832 4105 1028 4177 sulphuratus
1057 4105 1210 4162 adhibitus
1231 4111 1318 4173 esset,
1348 4105 1381 4158 P.
1401 4103 1444 4156 De

294 4213 430 4284 Lagarde
458 4214 520 4284 (Zu
550 4212 682 4268 Granius
709 4213 885 4268 Licinianos
904 4214 953 4266 in:
973 4212 1157 4282 lodwicus.
1181 4215 1210 4270 d.
1231 4213 1444 4284 Gymnosiolw.

296 4321 329 4374 12
344 4323 445 4391 Jatrq.
465 4318 554 4393 [1858]
573 4337 599 4390 p.
619 4319 743 4388 311313,
763 4319 891 4392 711717)
911 4321 954 4374 111
975 4319 1105 4374 codicem
1126 4319 1269 4374 afflictum
1284 4337 1348 4374 esse
1367 4319 1443 4374 affir-

294 4427 398 4495 mavit,
418 4431 451 4480 111
474 4431 539 4497 post
559 4425 671 4480 Pertzii
690 4425 881 4480 collationem
900 4425 962 4481 fere
982 4426 1057 4480 nihil
1079 4429 1138 4481 iam
1153 4427 1183 4480 in
1199 4443 1234 4480 eo
1254 4425 1315 4498 legi
1335 4432 1445 4498 posset.

295 4533 361 4590 Non
380 4533 489 4588 desunt
510 4538 611 4588 tamen
630 4533 681 4602 qui
700 4531 736 4586 de
755 4533 810 4587 hac
830 4551 862 4588 re
882 4533 1030 4590 dubitent.

348 4641 490 4696 2Pertzii
505 4640 604 4712 praef.
626 4658 651 4712 p.
672 4641 742 4695 XII.
