3658 5424
632 859 738 932 116.
768 857 955 932 xxxin
985 856 1044 961 (1).

339 1110 411 1176 Fot.
439 1111 457 1174 1
483 1131 524 1189 6.,
545 1129 625 1192 pop.
651 1110 698 1172 34
718 1129 765 1192 p..
786 1127 866 1192 pop.
895 1108 940 1170 17
963 1108 1003 1172 Β.

272 1255 305 1320 A
323 1303 514 1321 ........
531 1249 686 1318 vocitati.
705 1249 738 1314 et
754 1251 801 1317 M.
813 1248 997 1315 Aurelium
1010 1250 1178 1316 Scaurum
1191 1253 1406 1318 consularem

338 1361 453 1428 virum
477 1365 641 1447 ceperunt
657 1379 743 1443 equo
768 1355 949 1422 deiectum.
974 1357 1101 1422 nemis
1118 1365 1260 1426 vocatus
1277 1360 1314 1426 in
1330 1384 1408 1426 con-

339 1467 459 1534 cilium
484 1469 527 1535 ab
551 1468 580 1532 is
604 1466 694 1532 nihil
719 1465 903 1552 indignum
923 1465 999 1534 viro
1022 1467 1189 1554 Romane,
1216 1469 1276 1554 qui
1299 1468 1408 1535 tantis

340 1575 527 1642 honoribus
552 1574 695 1640 functus
719 1579 802 1656 eret,
828 1579 888 1638 661
911 1571 995 1638 fecit
1019 1580 1079 1640 661
1095 1573 1186 1640 dixit
1203 1577 1342 1663 ‚itaque
1358 1576 1409 1640 in-

339 1682 504 1748 terfectus
528 1688 589 1769 est,
611 1704 689 1746 eum
714 1685 828 1768 posset
851 1677 1015 1765 effugere.
1038 1687 1072 1746 et
1095 1704 1158 1747 nec
1182 1683 1266 1770 ipsis
1293 1691 1410 1772 peten-

340 1791 433 1856 tibus
457 1789 578 1855 ducem
602 1812 636 1854 se
660 1787 795 1853 tradere
811 1786 978 1853 sustinuit
994 1789 1200 1855 verecundia
1217 1797 1265 1879 ut,
1284 1791 1409 1857 amisso

341 1897 502 1984 exercitu,
528 1895 714 1962 incolumis
738 1900 836 1960 esset.
862 1917 930 1979 qua
946 1894 1093 1961 victoria
1110 1897 1329 1965 Cimbrorum
1346 1905 1411 1965 ter-

341 2005 428 2070 ritus
440 2003 581 2070 Mallius
595 2002 715 2069 consul
731 1999 859 2066 litteris
875 2001 1089 2089 supplicibus
1106 2026 1184 2068 cum
1202 2006 1411 2094 Caepionem

342 2118 480 2195 orasset,
516 2117 555 2176 ut
579 2109 688 2198 copiis
711 2108 839 2174 iunctis
863 2108 966 2174 simul
991 2115 1025 2174 et
1060 2111 1211 2178 exercitu
1243 2114 1411 2200 ampliato

342 2219 454 2286 Gallis
478 2218 684 2304 resisterent,
718 2217 904 2303 impetrare
927 2240 997 2282 non
1021 2218 1146 2304 potuit.
1164 2225 1198 2284 et
1218 2243 1296 2285 eum
1320 2221 1412 2288 Rho-

275 2332 306 2396 B
341 2323 880 2410 1666611161661666116161161
904 2324 1034 2390 milites
1066 2325 1236 2412 gloriatus
1260 2334 1348 2393 esset
1371 2329 1413 2394 ti-

343 2434 461 2523 menti
477 2433 609 2500 consuli
640 2456 674 2498 66
705 2431 875 2499 auxilium
899 2433 1062 2520 laturum,
1088 2457 1131 2499 ne
1158 2435 1412 2502 communicare

344 2542 483 2630 quidem
507 2565 585 2607 cum
610 2563 648 2607 eo
674 2539 857 2606 consilium
882 2540 966 2605 belli
990 2541 1131 2626 gerendi
1156 2543 1277 2629 voluit,
1303 2567 1413 2630 neque

344 2650 468 2716 adduci
491 2648 615 2736 potuit,
643 2671 721 2714 cum
745 2670 815 2713 non
838 2649 949 2714 multo
981 2649 1122 2736 abesset,
1157 2656 1196 2716 ut
1225 2651 1414 2717 exercitum

343 2759 510 2843 iungeret,
536 2779 599 2822 nec
623 2758 756 2842 legatos
780 2779 864 2842 quos
889 2763 1027 2824 senatus
1051 2757 1193 2824 miseret
1216 2765 1255 2824 ut
1279 2782 1416 2826 concor-

345 2865 402 2931 des
419 2871 532 2930 essent
556 2864 728 2950 simulque
743 2887 816 2928 rem
833 2865 1009 2950 publicem
1033 2863 1202 2954 iuvarent,
1222 2868 1416 2934 auscultare

345 2972 507 3058 dignatus
531 2978 593 3038 661.
611 2970 831 3037 Cimbrorum
850 2971 955 3036 6116111
972 2972 1105 3058 legatos
1122 2995 1243 3060 11666111
1261 2976 1416 3042 volentes

345 3085 379 3145 et
396 3101 496 3166 egros
512 3083 669 3165 petentes
686 3077 969 3165 frumentumque
982 3080 1073 3166 quod
1094 3088 1255 3168 sererent,
1273 3082 1323 3147 ite
1340 3105 1417 3148 con-

344 3186 527 3252 tumeliose
558 3185 743 3271 submovit,
769 3191 816 3272 ut,
844 3186 1308 3275 166116161611666,61611116
1332 3190 1419 3254 redi·

347 3299 435 3360 rent.
460 3299 563 3380 661116
587 3299 724 3380 postero
749 3292 804 3356 die
829 3299 941 3358 666116
965 3294 1037 3359 6166
1061 3317 1130 3360 666
1147 3295 1251 3380 longe
1267 3319 1286 3361 6
1302 3296 1418 3360 Μ61111

344 3401 467 3466 6661116
498 3400 697 3486 constitute,
731 3405 766 3464 et
801 3399 953 3468 maxime
984 3424 1063 3488 11616
1099 3401 1269 3467 exereitus
1304 3402 1417 3469 161616

345 3516 397 3575 661
416 3561 610 3576 ........

319 3797 353 3846 Α.
374 3797 444 3860 nam]
463 3811 527 3846 curn
545 3795 604 3847 cod.
621 3813 646 3861 p.
662 3801 690 3846 et
708 3796 751 3861 13.;
767 3794 941 3846 Schmidtius
952 3795 1060 3860 (Philet.
1077 3795 1173 3848 XVIII
1184 3813 1210 3861 p.
1227 3795 1426 3860 6661616666

273 3875 304 3927 Si
320 3877 389 3939 forte
408 3877 581 3938 6161611666
598 3883 680 3927 tamen
698 3893 784 3926 rerum
799 3877 925 3938 scriptori
937 3877 1070 3938 particula
1089 3898 1101 3922 α
1113 3894 1194 3926 nam·
1215 3878 1253 3926 ita
1264 3880 1303 3928 uti
1321 3879 1428 3929 licuisset

272 3962 300 4008 61
317 3957 451 4021 proponit
467 3960 528 4016 iam,
545 3973 610 4008 cum
627 3957 657 4007 in
674 3957 751 4008 MSS.
769 3973 818 4021 pro
835 3957 887 4007 hac
904 3957 1045 4021 particula
1062 3957 1140 4007 illam
1152 3973 1232 4022 saepe
1249 3957 1428 4009 inveniamus

272 4040 317 4101 (ct'.
334 4035 410 4101 epud
427 4037 606 4088 Licinianum
623 4055 648 4102 p.
665 4039 687 4100 8,
705 4037 754 4088 lib.
778 4037 905 4089 XXVIII
930 4039 979 4100 B);
997 4043 1028 4088 61
1045 4039 1147 4088 neiam
1167 4035 1281 4102 quidem
1299 4038 1428 4090 hocloco

274 4118 407 4169 idoneum
423 4117 546 4169 videtur.
557 4119 628 4170 Cum
641 4119 783 4185 particula
805 4136 885 4167 «nam
897 4135 917 4180 11,
936 4119 1070 4180 «itaque»
1087 4118 1246 4179 subiuncto,
1262 4119 1428 4170 Licinianus

271 4199 317 4249 hic
334 4213 403 4248 usus
420 4215 477 4249 6666
494 4198 627 4250 videatur
644 4197 740 4250 eodem
752 4197 905 4262 modoque
924 4199 1024 4249 Graeci
1041 4191 1430 4264 111-61116661166616661,

272 4280 314 4330 ita
327 4284 361 4329 ut
377 4279 501 4330 celeritate
517 4280 648 4342 cogitandi
661 4279 785 4329 adductus
800 4280 915 4341 scriptor
928 4279 957 4328 id
972 4281 1126 4329 enuntiatam
1143 4280 1210 4342 quod
1222 4296 1326 4330 caueam
1337 4280 1431 4342 afferat

273 4365 330 4410 ante
346 4358 375 4408 id
388 4367 469 4421 portat
485 4361 556 4410 cuim
571 4359 648 4410 661166
664 4361 797 4423 afferatur,
814 4359 1025 4410 Dicckmannus
1042 4360 1070 4422 (l.
1088 4376 1124 4410 m.
1141 4377 1165 4424 p.
1182 4360 1225 4422 36)
1241 4375 1276 4411 ex
1288 4359 1340 4410 hac
1355 4358 1430 4422 apud

273 4439 392 4492 Latinos
409 4442 559 4506 scriptores
576 4446 635 4492 tam
652 4457 718 4492 rare
735 4440 945 4490 constructione
962 4440 1089 4506 intellegi
1109 4457 1185 4504 posse
1209 4445 1292 4504 putat
1316 4456 1381 4490 eum
1398 4455 1432 4490 ex

274 4522 382 4572 Graeco
398 4521 494 4586 aliquo
511 4523 589 4573 fonte
606 4522 652 4573 hic
669 4521 818 4572 materiam
835 4537 915 4571 66616
933 4521 1066 4570 hausisse.
1094 4519 1174 4581 Quod
1197 4519 1232 4570 61
1255 4518 1432 4584 probandum

280 4601 358 4665 exile,
375 4603 475 4668 hercle,
488 4603 517 4654 id
534 4609 736 4670 argumentum
754 4607 813 4667 est3
830 4602 898 4667 quin
917 4602 1003 4652 etiam
1021 4601 1153 4652 dubitare
1170 4601 1237 4652 licet
1252 4616 1322 4652 num
1346 4601 1436 4654 (1166·
