3658 5424
918 512 1058 572 ..4.-

423 649 742 723 voraginemimmisIt;
762 649 829 718 post
848 663 916 702 eum
935 661 1022 701 senes
1040 644 1085 699 illi
1105 649 1260 700 senatores
1279 647 1493 710 memorantur,
1508 645 1561 717 qui

421 745 490 813 post
501 737 615 795 cladem
633 737 797 794 Alliensem
814 735 892 806 (Liv.
908 735 941 803 V,
954 735 1002 806 41)
1020 735 1063 789 ita
1076 732 1247 802 effecerunt,
1266 738 1300 787 ut
1319 751 1337 786 a
1356 731 1451 788 Gallis
1469 733 1561 788 victo·

420 829 503 886 ribus
520 826 776 896 interficerentur;
796 825 849 881 sed
867 827 1000 880 omnium
1019 843 1121 880 eorum
1136 825 1187 894 qui
1200 841 1253 895 pro
1271 824 1369 894 patria
1383 840 1415 878 se
1430 821 1561 878 devove-

422 924 494 974 runt
512 917 571 973 duo
589 916 748 972 clarissimi
766 921 838 970 sunt
856 915 948 983 Decii,
968 919 1053 985 pater
1072 919 1103 970 et
1121 912 1201 968 filius
1218 913 1297 985 (Liv.
1316 911 1399 980 VIII,
1419 914 1448 982 9;
1468 914 1506 982 X,
1517 916 1561 983 28,

421 1009 477 1080 29),
496 1024 621 1079 quorum
649 1005 727 1061 alter
752 1005 870 1073 Latino,
889 1005 967 1059 alter
987 1004 1149 1059 SamnItico
1168 1002 1256 1069 bello,
1275 1008 1309 1057 ut
1329 1004 1487 1058 victoriam
1507 1021 1561 1060 suo

422 1098 568 1154 exercitui
595 1099 783 1168 compararet
810 1096 841 1150 in
869 1094 1120 1149 confertissimam
1141 1093 1273 1148 hostium
1297 1094 1391 1148 aciem
1410 1099 1561 1150 armatum

421 1205 454 1244 se
475 1188 618 1243 immisit:
642 1204 676 1242 ac
695 1185 797 1258 procul
821 1184 911 1240 dubio
929 1185 984 1240 hos
1007 1183 1112 1240 Decios
1135 1183 1183 1239 hic
1196 1185 1227 1238 ln
1246 1184 1346 1238 animo
1365 1183 1471 1238 habuit
1487 1184 1561 1238 Lici·

421 1279 536 1334 nianus.

474 1367 507 1420 B.
527 1365 743 1421 Hirschfeldius
757 1363 847 1438 (apud
866 1364 1103 1419 Dieckmannum
1123 1381 1167 1435 op.
1188 1381 1227 1418 m.
1246 1364 1276 1418 in
1297 1363 1363 1418 adn.
1384 1382 1410 1435 p.
1431 1364 1477 1435 13)
1496 1381 1560 1420 ceu-

422 1463 468 1512 set
486 1457 542 1510 hoc
556 1455 632 1509 libro
646 1454 757 1522 XXVI,
771 1471 829 1524 quo
842 1471 891 1509 res
900 1454 992 1508 ‘annis
1007 1452 1122 1508 571·581
1135 1457 1240 1524 gestae
1252 1458 1423 1520 narrantur,
1437 1453 1562 1508 Licinia-

420 1564 492 1600 num
512 1561 692 1600 memorasse
711 1543 833 1599 OatonIs
852 1544 1017 1598 orationem
1041 1559 1099 1614 qua
1119 1545 1237 1598 senatui
1256 1544 1404 1615 persuasit
1423 1547 1456 1598 ut
1471 1546 1561 1614 plura

421 1653 489 1691 aera
499 1634 642 1706 equestria
654 1634 762 1705 fierent,
777 1639 867 1704 atque
881 1633 937 1688 hac
951 1635 1086 1688 oratione
1101 1634 1129 1687 ei
1142 1632 1272 1688 oblatam
1288 1649 1353 1688 esse
1368 1634 1561 1702 occasionem,

421 1730 456 1779 ut
466 1724 544 1778 hunc
554 1722 590 1777 de
600 1721 754 1777 ordinibus
765 1721 955 1792 equestribus
974 1739 992 1775 a
1011 1721 1173 1791 Tarquinio
1187 1723 1340 1776 renovatis
1351 1739 1508 1776 excursum
1520 1724 1561 1776 iu-

421 1818 544 1869 sereret.
555 1843 586 1859 -
599 1812 632 1867 in
643 1812 793 1882 prioribus
805 1811 895 1878 libris]
907 1811 964 1866 His
980 1816 1010 1865 et
1023 1810 1093 1865 aliis
1106 1810 1276 1866 huiusmodi
1291 1811 1493 1866 locutionibus
1507 1814 1561 1866 uti·

422 1909 471 1958 tur
481 1901 560 1956 haud
571 1919 640 1956 raro
652 1903 832 1972 epitomator
845 1903 929 1971 quasi
944 1903 986 1955 sit
997 1900 1083 1971 plane
1100 1917 1172 1956 suus
1185 1899 1249 1971 (cir.
1261 1901 1309 1954 fol.
1321 1901 1366 1955 XI
1377 1919 1404 1960 v.
1415 1902 1483 1957 But
1491 1919 1561 1958 mooe

419 1993 521 2048 ordine
532 1991 727 2062 indicabafol.
740 1990 778 2046 VI
790 1990 848 2046 r.B
863 2007 914 2044 nee
926 1992 1086 2060 opplendae
1095 1993 1166 2044 sunt
1174 1991 1343 2046 istiusmodi
1350 1992 1561 2062 capnitionibus

419 2084 566 2138 chartulae
585 2088 640 2136 eto.
660 2081 693 2136 V.
713 2079 899 2151 Madvigium
917 2079 937 2138 1.
956 2098 994 2134 m.
1014 2098 1040 2151 p.
1060 2079 1132 2147 403).
1152 2111 1185 2122 ·-
1205 2080 1247 2135 ita
1266 2081 1415 2136 constituit
1432 2088 1466 2137 ut
1484 2083 1562 2153 prio·

420 2190 465 2228 res
478 2203 511 2214 -
531 2169 676 2244 ducerent]
695 2169 743 2225 Sic
762 2175 843 2224 recte
863 2171 923 2240 legi
943 2187 1057 2237 censeo,
1076 2169 1257 2226 adversante
1276 2170 1495 2242 Heerwageno,
1510 2177 1560 2244 qui

421 2263 530 2318 conicit
551 2262 589 2333 (o.
613 2279 651 2316 m.
671 2279 699 2332 p.
718 2261 747 2333 4)
771 2277 861 2316 «non
880 2260 1011 2316 omittam
1030 2262 1110 2332 quod
1132 2260 1313 2332 Tarquinius
1329 2260 1392 2330 fuit
1409 2266 1509 2318 auctor
1529 2268 1562 2319 ut

415 2353 528 2426 priores
547 2356 603 2407 etc.
620 2373 631 2400 r
650 2367 830 2422 quamquem
850 2351 877 2404 ei
895 2351 1045 2405 assentior
1064 2349 1253 2404 Licinianum
1267 2351 1323 2406 hoc
1337 2352 1400 2406 loco
1413 2351 1449 2407 de
1465 2352 1561 2424 dupli·

419 2443 495 2498 catis
514 2442 649 2512 equitum
668 2441 814 2495 centuriis
834 2439 915 2510 loqui
934 2457 994 2494 non
1013 2439 1154 2508 voluisse,
1175 2457 1242 2494 cum
1262 2457 1311 2496 res
1333 2447 1413 2496 esset
1423 2442 1561 2499 omnibus

419 2537 500 2601 nota,
514 2531 565 2587 sed
591 2531 646 2585 hoc
665 2535 785 2585 tantum
799 2535 914 2598 notare,
929 2528 1015 2584 blnos
1034 2546 1126 2599 equos
1145 2530 1291 2585 militibus
1311 2532 1443 2602 priorum
1463 2539 1562 2588 centu·

420 2624 533 2677 riarum
561 2620 647 2676 datos
675 2637 748 2675 esse.
768 2621 947 2674 AccuratIor
972 2625 1074 2674 temen
1102 2624 1133 2674 et
1161 2620 1269 2675 clarior
1298 2622 1426 2693 scriptor
1453 2623 1561 2678 fuisset

421 2713 447 2767 si
466 2716 534 2782 post
557 2712 737 2778 ‹ducerent›
761 2708 925 2764 addidisset
959 2708 1151 2779 «posteriores
1178 2727 1237 2765 non
1266 2709 1333 2766 item
1356 2711 1422 2782 (cfr.
1449 2712 1515 2768 Liv.
1536 2716 1559 2779 1,

422 2801 477 2874 36).
496 2832 532 2842 —
553 2799 680 2858 Castoris
708 2803 735 2854 et
753 2799 883 2854 Pollucis
906 2829 933 2840 ω
955 2797 1125 2871 καλλίππους]
1144 2799 1228 2853 Haec
1246 2799 1346 2869 verba,
1366 2803 1410 2855 ita
1429 2807 1462 2856 ut
1481 2821 1561 2858 nunc

421 2891 564 2962 leguntur
582 2889 724 2961 (codicem
735 2890 814 2943 enim
825 2887 962 2943 Pertzius
974 2889 1022 2942 hic
1040 2889 1168 2944 sortasse
1179 2907 1238 2944 non
1257 2889 1332 2945 bene
1351 2893 1479 2948 rimatus
1494 2893 1560 2964 est),

421 2981 538 3036 nullum
566 2997 687 3034 sensum
715 2977 876 3050 praebent3
905 2978 1099 3034 nihilominus
1126 2977 1192 3033 fieri
1220 2983 1320 3050 potest
1339 2986 1374 3034 ut
1392 2981 1561 3038 divinamus

420 3069 490 3141 quid
511 3069 683 3124 Licinianus
702 3067 811 3122 addere
830 3069 969 3123 voluerit.
980 3067 1052 3122 (ium
1072 3067 1108 3122 de
1122 3085 1212 3138 more,
1227 3068 1380 3140 Tarquinii
1394 3073 1474 3143 regIs
1487 3077 1561 3127 tem·

420 3160 542 3233 poribus
554 3161 675 3215 omnino
694 3159 838 3214 Romanis
857 3176 944 3226 noro,
961 3164 1073 3229 ageret,
1087 3159 1215 3229 scriptor
1234 3162 1414 3216 necessitate
1433 3162 1561 3232 quadam

421 3255 542 3306 coactus
572 3248 630 3305 sibi
649 3248 745 3305 videri
765 3248 884 3316 debuit,
912 3254 946 3302 ut
966 3248 1079 3303 diceret
1106 3246 1185 3302 unde
1205 3266 1269 3304 mos
1292 3249 1343 3304 ille
1367 3250 1494 3306 Romam
1513 3271 1561 3308 ve·

420 3343 523 3409 nisset,
537 3342 646 3411 quique
657 3339 757 3412 populi
769 3356 837 3394 eum
849 3341 906 3393 iam
918 3341 1112 3410 accepissent.
1123 3338 1239 3394 Codicis
1251 3339 1363 3395 litteris
1382 3341 1483 3397 EACO
1500 3343 1560 3397 .NI

419 3429 607 3488 rusnsDINE
623 3429 765 3502 (fortasse
785 3446 818 3485 ea
837 3429 1045 3485 consuetudine
1064 3427 1224 3500 legendum
1235 3429 1294 3507 est)
1305 3429 1561 3488 haecconiectura

420 3522 495 3576 satis
513 3521 571 3575 niti
590 3519 720 3575 videtur.
744 3518 851 3589 Itaque
874 3537 994 3574 sensum
1016 3519 1073 3574 loci
1095 3523 1148 3573 aut
1170 3519 1250 3574 hunc
1273 3525 1327 3574 aut
1349 3537 1409 3575 non
1432 3522 1558 3577 multum

420 3610 526 3666 abhoc
540 3609 694 3665 dlversum
714 3626 779 3664 esse
793 3608 988 3664 crediderim:
1007 3609 1092 3664 Haec
1112 3595 1306 3676 consuetudo,
1321 3627 1410 3680 quam
1423 3611 1500 3682 apud
1513 3613 1562 3666 ali·

421 3718 497 3771 quos
507 3699 632 3771 populos
645 3698 788 3754 barbaros
799 3700 969 3754 invenimus
979 3698 1069 3771 (apud
1082 3697 1229 3754 Numidas
1239 3699 1353 3776 aLIvio
1364 3699 1480 3770 XXIII,
1490 3703 1533 3772 29,
1544 3704 1560 3756 5

421 3795 612 3857 memoratos,
624 3788 733 3860 quibus
751 3790 928 3844 desultorum
942 3789 974 3844 in
993 3790 1111 3844 randum
1124 3787 1206 3844 binos
1225 3788 1403 3844 trahentibus
1416 3807 1502 3861 equos
1521 3791 1562 3846 in·

419 3884 461 3944 ter
481 3879 653 3935 acerrimam
675 3895 761 3950 saepe
779 3896 915 3950 pupnam
937 3878 968 3933 in
991 3881 1130 3933 recentem
1156 3894 1261 3948 equum
1283 3894 1320 3934 eoo
1338 3879 1416 3948 fesso
1439 3881 1561 3937 armatis

421 3972 598 4026 transultare
608 3985 669 4025 mos
679 3972 739 4038 est;
749 3967 826 4040 apud
837 3969 990 4024 Sarmatas
1002 3973 1032 4022 et
1042 3966 1159 4033 Quados
1170 3966 1206 4021 de
1217 3967 1324 4038 quibus
1338 3986 1365 4024 v.
1377 3971 1473 4024 Amm.
1486 3971 1560 4024 Mar·

423 4059 489 4114 cell.
507 4058 630 4128 XVIII,
651 4060 704 4129 12),
723 4061 754 4113 in
776 4059 866 4113 Italia
886 4058 1118 4114 Tarentinorum
1139 4063 1205 4112 erat
1223 4057 1265 4126 (v.
1287 4057 1353 4113 Liv.
1371 4059 1497 4128 XXXV,
1516 4063 1559 4129 28,

421 4151 456 4204 8;
474 4148 583 4220 equites
601 4150 644 4220 (in
665 4148 905 4220 Philopoemenis
925 4148 1071 4218 exercilu)
1089 4164 1161 4219 quos
1174 4147 1349 4202 Tarentinos
1362 4151 1504 4204 uocabant
1521 4152 1560 4206 bi-

420 4255 474 4293 nos
491 4255 587 4292 secum
607 4241 753 4293 trabentes
771 4255 876 4308 equos,·
895 4256 922 4293 v.
943 4238 1034 4292 etiam
1049 4237 1224 4294 Caunuoui:
1244 4236 1560 4294 Riscontrinumisma-

421 4327 473 4382 tici
490 4326 676 4382 conternanti
692 4327 705 4383 i
720 4327 893 4396 frammenti
909 4327 987 4397 (lepti
1003 4327 1115 4382 Annali
1132 4328 1165 4382 di
1179 4325 1342 4392 Liciniano,
1361 4327 1393 4380 in
1412 4327 1487 4382 Boll.
1507 4330 1561 4382 Ar·

421 4417 465 4472 ch.
485 4414 589 4488 Napol.
618 4414 653 4468 N.
672 4415 700 4472 S.
725 4417 795 4470 1858
814 4433 842 4473 n.
863 4417 934 4487 142),
955 4432 1048 4486 eaque
1067 4414 1200 4469 Castoris
1220 4421 1250 4468 et
1270 4414 1401 4470 Pollucis
1421 4434 1501 4472 mors
1521 4421 1561 4471 vi-

421 4513 511 4576 taque
539 4507 657 4559 alterna
684 4505 901 4574 quodammodo
920 4505 1091 4558 adumbrari
1121 4504 1279 4559 vIdebatur
1298 4504 1345 4572 (cf.
1369 4505 1482 4577 Hygia.
1502 4507 1560 4563 fab.

419 4595 553 4668 LXXX),
574 4611 751 4668 quamquam
771 4597 802 4652 tu
822 4595 991 4653 simulatus
1011 4594 1139 4666 singulis
1159 4595 1243 4665 equis
1264 4594 1413 4668 Διόσκουροι
1431 4597 1560 4655 insiden-
