3658 5424
675 861 994 970 nranxxvr.

335 1130 407 1196 Fol.
438 1129 527 1214 Vr„
547 1151 627 1216 pay.
652 1134 827 1216 42-4312„
848 1154 929 1218 pap.
955 1136 1002 1198 39
1025 1135 1065 1200 Β.

268 1265 351 1340 Α..
371 1272 593 1340 ‚admonitus
625 1274 831 1340 contendere
864 1275 1003 1362 refugit.
1029 1281 1064 1341 et
1087 1276 1272 1364 Pompeius
1296 1299 1403 1346 annos

270 1447 286 1470 „
336 1387 438 1446 natus
460 1382 576 1468 XXV,
606 1404 707 1467 eques
739 1384 927 1470 Romanus,
959 1383 1051 1469 quod
1079 1406 1180 1450 nemo
1204 1390 1315 1471 antea,
1341 1408 1404 1473 pro

249 1488 251 1492 ’
337 1494 495 1574 praetore
530 1511 571 1554 ex
607 1488 729 1557 Africa
763 1489 998 1577 triumphavit
1028 1492 1102 1557 IIII
1133 1491 1210 1557 idus
1246 1492 1400 1559 Martias.

335 1594 475 1681 quidam
500 1602 694 1661 memorant
711 1619 788 1661 eum
803 1648 1402 1666 ........................

337 1751 450 1770 .....
466 1703 585 1768 urbem
617 1702 803 1789 ingredi..
824 1757 831 1770 .
850 1757 856 1769 .
877 1762 883 1776 ,
902 1757 907 1768 .
928 1705 1173 1792 ..elephantis
1197 1705 1240 1773 ad
1264 1729 1403 1772 currum

335 1808 462 1874 iunctis
481 1858 774 1878 ............
792 1818 827 1876 et
840 1813 984 1878 Murena
1000 1835 1042 1876 ex
1059 1811 1143 1878 Asia
1159 1811 1402 1899 triumphavit,

334 1923 369 1981 et
403 1916 564 1983 Valerius
599 1918 743 1984 Flaccus
767 1941 809 1983 ex
838 1919 1025 1986 Celtiberia
1049 1926 1083 1984 et
1107 1920 1232 2006 Gallia,
1258 1925 1292 1984 et
1316 1919 1405 1985 Lici-

334 2022 412 2087 nius
436 2028 470 2088 et
497 2024 677 2090 Terentius
701 2025 839 2090 Luculli
863 2024 989 2090 fratres
1012 2025 1141 2091 aediles
1170 2027 1305 2091 curules
1329 2049 1401 2091 mu·

334 2152 415 2195 nere
432 2152 493 2196 suo
510 2133 874 2220 taurorumproelium
899 2133 1062 2199 adversus
1079 2133 1281 2220 elephantos
1306 2132 1404 2197 dede-

268 2237 309 2304 B.
334 2238 424 2302 runt.
449 2237 485 2301 id
513 2245 593 2305 ante
617 2239 782 2306 claudius
811 2239 933 2307 aedilis
957 2241 994 2305 in
1018 2240 1108 2306 circo
1132 2240 1253 2328 lusdis
1277 2239 1405 2305 circen-

335 2343 428 2410 sibus
453 2344 666 2412 exhibuerat.

401 2453 447 2516 Et
469 2453 691 2520 Volaterrani
714 2477 749 2520 se
772 2454 940 2520 Romanis
957 2454 1163 2522 dediderunt
1186 2461 1267 2522 ante
1290 2456 1402 2522 occiso

333 2581 395 2645 per
406 2559 611 2625 seditionem
625 2559 799 2648 lapidibus
812 2562 968 2627 Carbone
984 2561 1157 2648 praetorio
1174 2585 1275 2647 quem
1304 2563 1402 2628 Sulla

332 2665 555 2753 praefecerat.
581 2667 610 2733 is
635 2669 696 2734 On.
722 2669 889 2735 Carbonis
912 2668 1022 2734 frater
1045 2669 1122 2757 fuit,
1140 2675 1175 2735 et
1191 2669 1402 2757 proscriptos

333 2796 374 2838 ex
399 2774 527 2861 oppido
545 2775 732 2864 dimiserat,
755 2800 840 2862 quos
856 2777 988 2863 equites
1005 2800 1025 2842 a
1041 2777 1239 2844 consulibus
1256 2777 1402 2844 Claudio

332 2888 367 2945 et
390 2881 540 2948 Servilio
565 2882 662 2948 missi
686 2884 919 2950 conciderunt.
954 2884 1022 2951 iam
1048 2892 1160 2972 antea,
1190 2907 1281 2951 anno
1306 2908 1403 2976 supe·

332 2987 431 3074 riore,
457 2996 492 3054 et
515 2991 688 3057 Samnites
712 2991 771 3078 qui
787 2994 896 3058 Nolae
912 3000 1012 3058 erant
1028 2993 1119 3059 idem
1136 2993 1291 3059 fecerant
1308 3000 1402 3059 metu

333 3095 532 3164 obsidionis.
557 3098 754 3185 Papiusque
778 3100 924 3165 Mutilus
947 3100 1029 3164 inde
1053 3100 1201 3186 fugiens,
1232 3122 1335 3186 quom
1359 3123 1402 3165 ne

333 3203 376 3267 ab
399 3226 506 3269 uxore
530 3205 670 3290 quidem
686 3206 807 3272 Bastia
823 3213 929 3273 noctu
946 3208 1053 3272 Teani
1070 3207 1290 3294 reciperetur,
1310 3206 1401 3292 quod

334 3315 408 3374 erat
420 3310 455 3374 in
471 3313 742 3399 proscriptorum
755 3336 908 3401 numero,
923 3337 1004 3379 usus
1017 3321 1069 3379 est
1082 3313 1244 3401 pugionis
1258 3313 1401 3381 auxilie.

401 3419 493 3484 Data
509 3425 582 3486 erat
598 3426 632 3485 et
645 3421 763 3487 Sullae
787 3421 967 3509 provincia
991 3421 1108 3487 Gallia
1132 3420 1330 3509 Cisalpina.
1348 3472 1355 3489 .
1371 3472 1400 3488 ..

271 3594 513 3608 -ᾑ--κ-

305 3685 338 3734 A.
355 3700 453 3752 margo
469 3689 593 3740 exterior
609 3689 726 3742 avulsus
750 3697 793 3742 est
810 3709 835 3756 p.
851 3719 882 3732 -·
893 3730 899 3742 .
912 3727 918 3742 .
929 3692 953 3758 .]
980 3692 1035 3742 LIS
1060 3689 1119 3742 cod.
1144 3705 1216 3755 quae
1240 3689 1353 3740 litterae
1369 3690 1409 3740 vi·

258 3761 363 3814 dentur
379 3771 521 3819 extremae
537 3771 686 3821 esseillius
702 3773 781 3823 verbi
799 3789 854 3836 quo
876 3772 980 3836 pagina
1004 3772 1137 3836 superior,
1156 3770 1236 3820 nobis
1254 3767 1408 3835 deperdita,

256 3843 472 3897 terminabatur.
490 3878 520 3886 -
536 3851 641 3912 quidam
658 3860 795 3902 memorant
811 3852 879 3918 eunt]
898 3854 983 3918 B.;-
1002 3887 1176 3902 ..........
1208 3850 1293 3900 urbem
1309 3849 1411 3910 capreoli

260 3957 797 3982 ······························
807 3932 946 3994 elephantis
961 3933 996 3981 ad
1005 3929 1219 3997 currumiunctr’sl
1230 3932 1277 3995 B.;
1293 3929 1408 3980 lacunas

256 4002 341 4052 huius
358 4003 411 4055 loci
429 4006 458 4057 in
475 4009 569 4061 codice
586 4011 714 4062 mutilati
740 4017 768 4062 et
793 4010 919 4074 corrupti
941 4015 1051 4073 (versus
1066 4012 1129 4073 89),
1146 4010 1195 4071 ita,
1220 4009 1408 4060 Plutarchum

255 4085 370 4154 (Pomp.
389 4091 430 4152 14)
450 4091 555 4153 secuti,
574 4107 624 4141 nos
641 4091 819 4155 supplemus:
845 4089 951 4152 quidam
966 4097 1105 4140 aurierant
1120 4106 1176 4138 eum
1192 4088 1263 4156 [cum
1278 4106 1310 4138 ex
1325 4086 1408 4149 Lybie

255 4169 345 4220 multos
355 4188 435 4220 secura
451 4171 596 4234 elephantos
611 4170 733 4238 decusat]
750 4170 835 4220 urbem
850 4171 953 4232 ingredi
962 4169 1094 4238 [coluisse]
1109 4169 1248 4232 elephantus
1264 4167 1408 4236 [quattuor]

257 4251 294 4300 ad
310 4268 412 4303 currum
424 4255 521 4304 iunctis.
537 4281 568 4290 -
585 4289 853 4304 ...............
863 4253 870 4316 l
888 4253 935 4315 B.;
952 4252 1003 4302 hoc
1021 4251 1080 4301 loco
1095 4255 1177 4310 (vers.
1195 4250 1282 4312 lale)
1298 4249 1347 4299 ubi
1364 4265 1408 4299 επ-

252 4332 402 4392 perirencur
417 4335 508 4384 solum
527 4334 580 4398 legi
599 4338 696 4398 potest,
714 4333 771 4398 ipse
788 4333 881 4384 scriba
894 4331 1032 4383 nonnulla
1048 4330 1173 4381 omisisse
1189 4329 1311 4391 videtur,
1327 4345 1407 4393 quae,

256 4413 412 4464 secundum
429 4415 617 4466 Plutarchum
632 4416 663 4479 (l.
675 4421 723 4475 m.)
733 4412 895 4463 huiusmodi
912 4414 998 4463 fuisse
1014 4427 1173 4462 censemus:
1190 4409 1245 4478 [aad
1256 4427 1310 4460 cum
1326 4427 1408 4471 anpu-

255 4499 356 4548 etiorem
370 4497 487 4562 portani)
502 4498 680 4559 experirentur
701 4493 772 4563 [equi
790 4493 902 4544 adhibiti
916 4491 992 4561 suriel.
1009 4521 1038 4528 -
1048 4491 1173 4557 Licinius]
1191 4493 1237 4555 B.;
1255 4489 1349 4540 Lucius
1365 4504 1408 4556 p.;

256 4578 404 4631 DUILIUS
420 4576 480 4630 cod.
