3658 5424
747 465 901 540 ,..9’..

256 614 287 664 10
304 609 407 666 ἐλούετο
427 611 454 666 δὲ
469 615 514 666 καὶ
532 621 584 676 τοῖς
600 611 737 688 δημοσίοις
751 613 839 686 arb);
856 627 907 674 per
923 611 1024 661 balneae
1037 611 1140 674 publice
1156 613 1224 674 ancl,
1241 611 1343 661 balneas
1358 628 1407 674 pe·
1433 671 1436 676 ,

260 692 310 737 tere
321 705 345 753 p.
357 692 430 754 (arpi
438 690 557 742 coniecit
565 692 614 756 M.)
625 708 632 758 3
644 692 745 755 publice
752 694 914 758 frequentare
929 692 1137 754 cardamatem
1153 709 1209 747 cunr
1224 692 1294 754 plebe
1310 694 1347 756 B,
1357 693 1406 756 qui

259 765 289 817 in
306 770 371 832 adn.
387 770 514 822 addunt:
537 773 644 836 fortasse
664 790 737 836 «per
750 790 846 836 paneae
859 789 889 838 »ς
904 777 935 824 at
951 773 1126 824 Antiochum
1143 789 1233 838 usqua
1249 771 1283 824 ad
1302 789 1407 837 ganeas

258 847 431 903 descendisse
454 852 530 918 apud
555 854 667 906 nullum
684 854 850 920 scriptorem
876 851 985 905 dictum
1010 859 1060 906 est.
1077 883 1108 892 -
1128 855 1251 918 perfusae
1269 855 1407 918 unquentis]

258 928 288 978 B.
305 934 334 980 et
348 931 476 998 Kailios,
492 935 532 984 cel
544 935 663 997 persaeus
678 941 801 998 unguento
812 951 837 999 p.
853 959 884 974 -
899 933 1007 1000 repebat]
1040 951 1065 998 p.
1083 951 1148 986 cum
1166 935 1245 999 Ber.;
1261 933 1364 984 ducebat
1380 935 1411 984 B.

260 1035 292 1048 -
306 1012 339 1077 ae]
356 1013 577 1080 B.-simalcbcl]
593 1015 674 1066 Bern.
684 1043 714 1054 ·-
724 1015 855 1080 Dianam]
872 1015 992 1066 DIANA
1010 1013 1087 1080 cod,
1104 1015 1177 1065 dam
1193 1012 1411 1076 Hirschfeldius‚

259 1092 396 1155 probante
411 1092 603 1144 Dieckmauno
619 1099 656 1160 (p.
671 1095 729 1160 20),
741 1111 768 1146 v.
784 1111 883 1146 comm.
900 1121 931 1134 -
948 1100 970 1144 et
987 1111 1043 1144 cum
1059 1102 1086 1144 ul
1102 1095 1138 1144 ad
1153 1097 1245 1157 epulas
1262 1125 1291 1135 -
1310 1101 1413 1144 cencius

265 1171 296 1221 de
310 1173 399 1224 masia
414 1175 453 1240 ea]
471 1175 561 1239 suppl.
576 1175 695 1238 Medius,
712 1175 762 1240 qui
778 1182 872 1226 tamen
890 1175 1089 1226 exhibetcccra
1106 1191 1156 1240 pro
1166 1191 1267 1237 escere,
1276 1174 1352 1240 quod
1362 1191 1413 1226 nos

261 1269 278 1303 a
290 1253 447 1306 Froehuaro
457 1255 568 1318 (Philol.
579 1256 641 1320 XV,
652 1273 678 1322 p.
691 1257 749 1320 619)
758 1257 915 1322 accepimns
925 1271 931 1322 3
942 1262 965 1306 el
976 1257 1062 1308 celeria
1080 1256 1267 1319 epulantibus..
1277 1292 1298 1307 ..
1308 1293 1314 1307 .
1336 1255 1367 1306 B.
1383 1284 1415 1294 -

261 1331 363 1386 abstulit
380 1336 415 1400 in]
436 1337 467 1386 Β.
484 1364 513 1375 -
529 1339 641 1404 excepto]
654 1339 684 1388 B.
701 1338 751 1402 qui
772 1337 801 1388 in
818 1337 882 1388 adn.
899 1337 1045 1390 scribunt:
1062 1339 1169 1401 fortasse
1192 1337 1322 1394 conulem
1339 1343 1414 1388 eclra

262 1416 367 1466 anulum
382 1416 455 1467 Keil.

292 1497 322 1546 B.
331 1497 462 1563 donorum]
473 1499 511 1564 B.;
520 1498 729 1552 DEAEDONIS
738 1498 797 1550 cod.
810 1497 886 1550 unde
898 1499 1023 1550 Dieckm.
1034 1503 1071 1563 (p.
1080 1500 1121 1562 14)
1132 1498 1216 1549 edece
1228 1499 1307 1550 donia.
1316 1498 1414 1549 Froeh·

262 1592 346 1628 uerus
362 1577 391 1640 (l.
400 1580 447 1641 m.)
464 1578 621 1644 proposuit:
634 1579 770 1631 amulrici
780 1579 925 1642 Hierapoli
939 1579 1056 1630 Dianam
1068 1580 1161 1630 ducere
1171 1591 1283 1640 uxorem,
1294 1587 1317 1629 et
1325 1579 1415 1630 deinde

263 1675 318 1707 cum
325 1657 361 1707 cd
368 1659 457 1721 epulas
466 1659 604 1711 sacerdotes
612 1660 717 1722 scyphos
725 1677 737 1710 e
746 1677 822 1710 sacro
827 1667 906 1724 prola
912 1661 1002 1722 liseenl,
1012 1677 1075 1710 unua
1083 1666 1180 1710 mnium
1188 1661 1351 1721 remansisset,
1361 1677 1415 1710 om·

225 1805 227 1812 y
263 1755 305 1788 nes
313 1738 403 1788 tulitin
412 1739 499 1804 dotem
508 1747 610 1804 excepto
619 1741 672 1800 illo,
681 1758 754 1804 quem
762 1759 838 1792 unam
846 1742 956 1792 omnium
966 1741 1027 1790 dece
1035 1741 1128 1791 donum
1136 1740 1248 1804 reliquit.
1259 1770 1288 1778 -
1294 1741 1415 1793 Graccho

263 1820 504 1886 ilerum-conedam]
514 1821 594 1887 Keil,
602 1822 700 1872 wedale
708 1827 769 1887 (pro
780 1823 909 1874 consulatu
926 1821 1001 1886 quod
1011 1822 1049 1872 M.
1061 1826 1255 1888 proposuerat)
1266 1823 1297 1873 B.
1310 1821 1361 1886 qui
1372 1837 1414 1874 sa-

265 1898 387 1952 cludunt
396 1919 409 1949 «
418 1901 449 1950 de
457 1902 527 1953 caiae
534 1903 637 1953 cumini
641 1921 654 1952 r>
660 1907 746 1967 atque
755 1903 908 1954 adnotant:
917 1903 996 1953 coluit
1005 1903 1128 1953 librarius
1136 1903 1232 1953 addere
1241 1905 1391 1954 «consulatu
1401 1925 1410 1946 ι

265 1980 609 2050 (CONSULETURcod.);
628 1987 659 2034 at
671 1983 789 2036 Graccho
797 1985 895 2044 ilerum,
904 1983 1048 2034 nulloalio
1056 1983 1142 2035 verbo
1156 1982 1263 2045 addito,
1279 1983 1415 2034 Latinum
1514 2009 1515 2016 .

266 2068 321 2125 est3
332 2063 366 2112 cf.
375 2063 443 2113 Hor.
458 2062 522 2126 (Ep.
532 2064 553 2126 Ι,
562 2064 584 2127 5,
594 2065 626 2126 4),
639 2063 721 2114 cuius
737 2064 909 2116 auctoritate
921 2065 1008 2116 etiam
1025 2065 1117 2115 oratio
1134 2064 1228 2116 soluta
1245 2064 1299 2114 niti
1309 2069 1406 2129 potest,

267 2155 331 2193 cum
341 2149 445 2208 agatur
453 2142 487 2194 de
498 2143 652 2208 Liciniano,
662 2145 711 2210 qui
721 2146 750 2195 in
767 2143 952 2209 scriptoribus
968 2150 1133 2210 Augusteae
1144 2145 1247 2196 aetatis
1255 2161 1417 2196 enumeran-

267 2221 321 2273 dus
329 2239 386 2292 non
395 2229 451 2288 est,
460 2240 550 2289 neque
560 2241 618 2276 non
626 2230 817 2290 opportunum
826 2224 949 2288 videtur,
958 2231 992 2276 ut
1003 2225 1177 2276 Schmidtius
1186 2225 1331 2276 existimat
1341 2226 1416 2290 (Phi-

267 2303 313 2354 lol.
327 2305 406 2366 XIII,
415 2305 484 2368 1858,
495 2321 518 2370 p.
528 2305 591 2368 223),
606 2328 615 2349 ‹
621 2306 703 2380 paulo
714 2313 820 2366 antem,
829 2305 903 2370 quod
921 2306 997 2357 inter
1005 2307 1128 2370 primum
1146 2307 1203 2370 (577
1217 2322 1244 2356 u.
1255 2310 1289 2369 c.)
1302 2311 1330 2357 et
1346 2305 1416 2357 alte-

267 2399 331 2435 rum
339 2384 409 2448 (591)
418 2385 448 2435 Τ.
457 2385 612 2451 Sempronii
626 2385 747 2436 Gracchi
758 2386 937 2436 consulatum
948 2385 1176 2450 quattuordecim
1188 2385 1322 2436 intersint
1333 2387 1400 2436 anni
1410 2401 1416 2450 3

268 2465 444 2530 epitomatori
457 2465 532 2517 enim
548 2465 695 2518 Liciniano
712 2465 748 2516 ad
765 2481 808 2516 res
827 2481 901 2530 quae
924 2466 976 2517 hoc
993 2465 1126 2531 temporis
1147 2467 1238 2531 spatio
1251 2464 1416 2516 acciderunt

268 2545 447 2610 enarrandas,
465 2545 656 2612 compluribus
674 2546 785 2612 paginis
795 2562 850 2597 non
863 2563 932 2611 opus
943 2546 1000 2598 fuit
1016 2548 1062 2610 (cf.
1081 2545 1200 2612 Madvig
1212 2547 1229 2597 l.
1240 2563 1277 2597 m.
1286 2563 1311 2611 p.
1325 2547 1372 2596 399
1389 2550 1418 2604 et

268 2631 336 2694 seg.)
345 2627 439 2678 Etiam
448 2627 589 2694 Madvigii
601 2628 764 2680 coniectura
775 2627 792 2678 i.
801 2644 823 2679 e.
838 2627 943 2678 litteris
958 2628 1213 2679 GRACCHIITER
1228 2626 1337 2691 aliquid
1354 2641 1417 2678 con·

269 2708 354 2760 cineri
372 2725 429 2773 quo
445 2724 610 2778 moneamur
627 2707 661 2761 de
676 2709 705 2761 G.
721 2709 842 2761 Gracchi
859 2709 889 2760 in
906 2709 1018 2774 Syriam
1031 2708 1178 2774 legatione,
1196 2710 1357 2774 quaefacta
1373 2713 1415 2760 est

270 2789 354 2854 paulo
379 2795 445 2840 anta
469 2789 604 2840 Antiochi
628 2794 747 2841 mortem
763 2794 801 2854 (v.
818 2789 918 2854 Polyb.
934 2789 1043 2850 XXXI,
1061 2791 1084 2852 5,
1101 2790 1134 2855 93
1149 2788 1262 2841 Diodor.
1277 2791 1313 2853 II,
1330 2806 1355 2854 p.
1370 2789 1418 2840 583

270 2869 379 2934 wass),
396 2871 511 2921 omuino
534 2867 665 2922 reicenda
681 2874 724 2921 est
741 2873 779 2933 (v.
795 2870 881 2921 etiam
898 2869 974 2934 quod
998 2875 1073 2921 recte
1089 2875 1184 2921 monet
1206 2870 1417 2921 Diechmannus

271 2968 296 3017 p.
311 2947 349 3015 20,
367 2951 431 3002 adn.
449 2953 484 3014 3).
497 2980 526 2990 -
546 2958 643 3002 terrore
655 2953 726 3014 peril
742 2953 871 3016 (fortasse
884 2951 975 3014 periit)
989 2952 1120 3016 nocturno]
1138 2951 1226 3016 Keil.;
1243 2987 1313 3002 .....
1322 2953 1418 3001 interiit

271 3039 393 3083 nocturno
404 3049 439 3098 p.;
456 3068 520 3083 ....
535 3034 605 3096 perd
621 3039 742 3083 nocturno
759 3034 792 3084 B.
807 3032 857 3096 qui
874 3032 1030 3084 adnotant:
1046 3033 1159 3082 conicere
1169 3032 1252 3094 poeria
1267 3035 1345 3093 (ante
1356 3049 1369 3080 «
1378 3048 1420 3094 pe·

271 3115 340 3178 rit»)
362 3122 490 3177 «torpore
514 3115 558 3166 vel
576 3120 700 3177 lurpore»
721 3118 834 3177 (turpare
857 3117 1034 3177 nocturnoi);
1051 3115 1078 3163 in
1095 3114 1185 3163 itinere
1208 3113 1276 3174 peril
1295 3119 1420 3164 nocturno

271 3194 465 3245 Franckenius
490 3195 615 3258 (Jahnf.
632 3195 781 3246 k.Phi1.3
804 3195 901 3260 Suppl.
917 3211 944 3245 n.
960 3195 979 3246 f.
995 3211 1020 3259 p.
1036 3194 1110 3258 254);
1135 3193 1310 3244 Schmidtius
1327 3193 1356 3256 (l.
1373 3197 1420 3256 m.)

272 3273 376 3326 conicit
392 3277 503 3338 turpiter
515 3276 599 3338 perit,
617 3261 715 3340 atqua*
727 3276 773 3326 hic
789 3273 976 3326 enuuciatum
1001 3273 1159 3336 concludit,
1178 3289 1243 3325 cum
1260 3273 1420 3339 proximum

272 3361 354 3420 putet
377 3355 463 3406 ordiri
481 3355 517 3406 ab
539 3363 711 3406 «scalurco».
727 3355 824 3407 Lectio
838 3372 924 3420 quarn
941 3372 992 3406 nos
1008 3356 1166 3419 accepimus
1188 3359 1277 3406 veteri
1295 3355 1421 3419 opinioni

273 3437 373 3488 melius
390 3435 538 3502 respondet
546 3443 584 3500 (v.
593 3441 719 3502 comm.);
734 3439 790 3488 aiau
798 3438 885 3488 inierit
892 3443 1015 3488 nocturno
1024 3436 1188 3488 Dieckm.-
1201 3437 1324 3500 iumentis]
1343 3437 1381 3486 M.
1391 3463 1421 3474 -

272 3517 412 3584 abreptum]
423 3517 597 3570 Schmidtius
608 3519 712 3570 conicit
730 3517 904 3580 «abreptum
925 3518 956 3568 in
981 3519 1036 3568 fine
1052 3517 1198 3568 enunciati
1215 3522 1289 3582 asse3
1304 3533 1338 3568 ex
1352 3535 1422 3566 «non
1513 3560 1520 3570 .

273 3599 437 3648 com..ruit»
458 3599 612 3661 (comparuit
620 3599 774 3661 M.)autem
783 3597 944 3662 proximum
961 3597 1056 3658 ordiri,
1067 3596 1254 3663 quodparum
1271 3596 1422 3648 verisimile

273 3677 420 3729 esc-has
434 3678 478 3728 ille
491 3679 761 3744 poenas—eaepeadit]
773 3678 914 3729 Restituit
923 3677 1051 3742 Keilius3
1068 3683 1154 3742 atque
1171 3678 1212 3728 ita
1221 3677 1335 3742 quidem
1345 3677 1422 3728 locus

274 3759 468 3810 restituendus
477 3758 592 3810 videtur
608 3764 636 3810 et
652 3759 746 3810 verbis
755 3759 915 3810 HASILLE
925 3795 931 3808 .
941 3795 947 3808 .
957 3799 962 3810 .
973 3758 1171 3820 EXTENDIT,
1189 3775 1262 3822 quae
1279 3757 1422 3822 perspicue

274 3845 432 3891 cernuntur
448 3839 478 3890 in
495 3837 554 3890 cod.
571 3845 599 3890 et
616 3839 655 3891 eis
672 3855 744 3904 quae
760 3839 898 3904 leguntur
915 3838 944 3888 in
961 3838 1009 3888 fol.
1024 3838 1040 3888 3
1057 3855 1079 3888 r.
1096 3838 1113 3888 l.
1129 3839 1176 3888 20:
1190 3838 1317 3900 perfidiae
1330 3845 1353 3888 et
1363 3855 1423 3888 ava·

275 3921 351 3971 riliae
359 3937 468 3983 poenam
484 3921 660 3982 nequissimum
671 3921 794 3970 bominem
804 3920 958 3982 expendisse.
971 3919 1001 3968 B.
1013 3918 1089 3970 hunc
1106 3919 1198 3970 locum
1210 3919 1323 3969 omnino
1335 3919 1424 3983 negle-

275 4008 381 4053 xerunt
397 4007 425 4054 et
448 4002 479 4052 in
505 4007 588 4053 textu
605 4006 761 4066 posuerunt
771 4038 790 4052 ..
804 4038 825 4052 ..
836 4038 857 4052 ..
868 4017 889 4067 ,ς
905 4001 1169 4082 Bursiannsffiahr.
1186 4002 1204 4051 f.
1221 4001 1248 4051 k.
1264 3999 1337 4052 Phil.
1354 4001 1422 4062 1858,

275 4084 330 4135 vol.
346 4085 384 4148 77,
401 4101 426 4149 p.
442 4084 501 4147 650)
516 4083 562 4134 bos
577 4083 622 4134 ille
631 4100 728 4147 poenae
744 4085 810 4134 laeli
817 4083 937 4146 sacrilegii
946 4083 1070 4146 expendit.
1087 4083 1184 4147 Nuper
1202 4083 1326 4133 Dieckm.
1335 4085 1371 4146 (p.
1384 4083 1425 4144 14)

233 4189 240 4202 ·
276 4165 317 4216 ita
332 4165 418 4216 Keilii
442 4164 633 4216 coniecturam
655 4163 792 4214 mutavit:
809 4163 856 4213 lias
872 4165 915 4214 ille
931 4181 957 4225 p.
973 4165 991 4212 e'.
1007 4181 1026 4213 a
1042 4163 1149 4214 incensio
1164 4163 1282 4225 expendit
1298 4161 1355 4212 diis.
1375 4163 1424 4211 Co-

276 4247 350 4296 lossae
365 4245 428 4296 duos
443 4246 550 4306 denum;
569 4243 617 4296 sed
633 4261 690 4295 non
707 4245 783 4306 bane,
802 4261 864 4295 mea
881 4243 996 4308 quidem
1013 4243 1172 4304 sententia,
1189 4248 1302 4308 propter
1319 4244 1425 4292 incensis

277 4327 327 4378 diis
343 4325 473 4389 maxime,
485 4323 560 4390 quod
572 4325 596 4376 si
610 4323 647 4375 ad
663 4325 782 4376 verbum
796 4323 990 4388 intellegimus
1001 4323 1090 4376 veteri
1102 4323 1226 4388 opinioni
1244 4339 1301 4372 non
1317 4339 1426 4386 respon·

277 4406 332 4470 dat,
349 4407 442 4458 verbis
458 4411 555 4457 autem
572 4405 727 4468 translatis,
744 4405 793 4455 vix
809 4405 894 4468 recipi
913 4404 1143 4468 potest-iratis]
1158 4420 1231 4467 pro«
1243 4403 1423 4466 laeae'suquod

278 4487 389 4540 Keilius
405 4487 505 4550 voluit,
522 4503 572 4538 nos
588 4487 810 4552 reposuimus—
827 4487 871 4536 Fer
888 4485 984 4550 Medic]
1002 4483 1196 4535 Franckcnius
1211 4485 1240 4546 (l.
1257 4501 1293 4533 m.
1309 4501 1334 4548 p.
1350 4485 1425 4548 254),

279 4570 375 4640 itaque
391 4568 574 4634 probabiliter
590 4567 714 4620 conicere
731 4582 879 4632 possumus
898 4582 963 4618 cum
984 4566 1176 4616 Dieckmanno
1192 4569 1228 4630 (p.
1245 4565 1286 4628 90)
1303 4581 1423 4628 reversus,
