3658 5424
867 491 1054 540 -γῙ-μ

392 638 536 712 tissime
563 639 820 736 disputabant,
853 651 934 711 tum
967 639 1046 710 sive
1073 639 1121 709 ad
1154 640 1415 712 emendandos
1444 640 1523 713 sive

393 775 440 846 ad
467 773 697 870 supplendos
725 773 939 870 complures
967 773 1144 845 editionis
1171 772 1382 846 Bonnensis
1409 773 1522 868 locoS,

393 934 511 980 novas
529 907 766 980 coniecturas
785 907 1006 980 afferebant.
1036 906 1218 980 Attamen
1238 906 1330 980 haec
1358 917 1413 979 tot
1439 907 1525 980 illu-

394 1043 529 1114 strium
548 1043 887 1137 grammaticorum
907 1042 947 1112 in
968 1040 1213 1114 Licinianum
1234 1041 1370 1136 studia,
1389 1051 1431 1114 ut
1449 1043 1523 1114 cito

394 1203 564 1270 accensa,
592 1177 657 1268 sic,
677 1188 872 1272 tamquam
899 1175 1053 1247 flamma
1080 1177 1125 1248 de
1153 1175 1303 1271 stipula,
1330 1177 1438 1249 brevi
1463 1204 1525 1249 ex-

397 1312 536 1384 stinota
562 1321 660 1383 sunt.
690 1311 789 1383 Nam
816 1311 891 1382 iam
920 1313 967 1383 ab
986 1336 1087 1381 anuo
1106 1309 1430 1403 MDOOOLXIV,
1451 1337 1524 1406 quo

396 1445 437 1517 B.
465 1455 528 1517 ten
547 1444 669 1517 Brink
692 1475 710 1515 ‹<
725 1447 1171 1539 1111111ιά111,1189111611111111
1195 1447 1235 1516 de
1254 1445 1489 1518 Flcruatibus
1503 1473 1520 1512 »

397 1579 618 1652 retractavit
632 1578 653 1673 ¹,
681 1581 865 1675 usquead
892 1579 985 1650 hacc
1008 1589 1180 1674 tempora
1194 1587 1218 1672 ²,
1245 1577 1382 1674 quibus
1408 1577 1527 1653 (iscar

397 1713 639 1786 Dieckmann
658 1714 954 1809 disputationem
974 1739 1080 1785 suam
1112 1741 1129 1780 «
1145 1715 1185 1784 de
1206 1715 1323 1784 (irum
1340 1714 1527 1786 Liciniani

391 1848 560 1942 sontibus
590 1857 621 1919 ct
651 1851 860 1920 cador-itare
883 1876 901 1916 ›>
939 1848 1065 1921 emisit
1080 1847 1103 1939 ³,
1140 1873 1251 1919 nemo
1284 1845 1357 1918 fuit
1389 1848 1453 1942 qui
1486 1849 1526 1919 in

397 1981 514 2054 ullam
535 1981 797 2056 Licinianeam
817 1984 1077 2079 quaestionem
1097 1983 1223 2054 dedita
1247 2009 1360 2078 opera
1380 1983 1528 2054 incum-

395 2119 500 2190 beret
518 2127 584 2188 aut
602 2117 810 2213 quidquam
831 2117 1032 2212 coniceret,
1052 2143 1126 2214 quo
1145 2127 1269 2189 textus
1288 2116 1379 2189 olim
1394 2144 1416 2189 a
1429 2117 1528 2189 Bon-

395 2251 575 2323 nensibus
603 2252 713 2323 datus
741 2251 865 2322 iuvari
893 2259 1034 2348 posset,
1050 2249 1263 2322 Evanuisse
1291 2249 1431 2322 dixeris
1451 2248 1528 2322 fere

396 2383 552 2456 omnino
586 2411 608 2456 a
643 2384 827 2456 memoria
853 2383 1052 2455 hominum
1079 2382 1316 2477 Licinianus,
1343 2409 1430 2454 oum
1463 2408 1530 2454 no-

401 2545 489 2591 men
524 2518 603 2591 cius
631 2545 698 2615 por
729 2519 888 2613 triginta
915 2518 1068 2591 circiter
1094 2499 1214 2590 annos
1243 2518 1344 2614 apud
1372 2516 1531 2588 Momm-

400 2677 534 2726 senum
567 2661 716 2724 tantum
748 2677 963 2748 paucosque
996 2651 1090 2723 alios
1116 2649 1376 2723 Romanarum
1403 2675 1531 2722 rorum

399 2787 689 2882 investigatores
725 2797 928 2883 appareat,
964 2787 1029 2882 qui
1066 2784 1245 2879 libenter,
1279 2812 1349 2858 nec
1385 2811 1533 2881 semper

400 2931 519 3014 caute,
546 2921 617 2993 hoo
645 2948 743 2992 novo
770 2921 993 2993 notitiarum
1023 2919 1126 2993 fonte
1155 2921 1213 2992 usi
1242 2930 1341 2992 sunt.

474 3055 573 3130 (ium
602 3083 660 3129 res
687 3057 740 3128 ita.
767 3083 805 3129 se
832 3056 999 3150 haberet,
1019 3057 1112 3152 quid
1140 3056 1280 3152 ipsein
1306 3055 1534 3148 hoopenerc

404 3217 551 3288 possem
592 3201 776 3285 temptare
816 3188 920 3261 volui
958 3215 1172 3286 novamque
1205 3215 1336 3262 eorum
1367 3215 1462 3286 quac
1490 3217 1536 3262 ex

404 3323 526 3400 Grani
546 3341 665 3418 'opere
704 3333 908 3418 supersunt
948 3323 1153 3396 editionem
1193 3348 1424 3418 comparare,
1457 3349 1535 3395 non

328 3507 330 3512 -
407 3460 563 3552 ignarus
590 3457 743 3552 quidem
770 3483 839 3529 nec
859 3457 1092 3530 difficultatis
1115 3457 1257 3552 incepti
1276 3483 1344 3529 nec
1364 3483 1534 3529 mearum

461 3833 469 3863 ¹
486 3825 522 3880 In
547 3825 843 3894 «Ρ1111010911311101.
865 3827 908 3892 21,
929 3842 955 3894 p.
976 3823 1098 3896 loo-166.

457 3937 467 3966 ‘²
487 3933 645 3988 Praeclara
664 3933 716 3988 illa
735 3932 880 4003 Madvigii
908 3931 1073 4003 disputatio
1097 3954 1108 3980 ι
1129 3934 1215 3988 Ueber
1234 3933 1290 3988 den
1311 3930 1443 3988 Granius
1471 3930 1546 3986 Lici·

404 4042 513 4099 nianus
526 4065 550 4109 ι,
571 4058 646 4112 quae
665 4045 711 4096 est
725 4042 755 4096 in
775 4040 852 4095 libro
866 4041 930 4094 eius
954 4039 1081 4102 ‹Kleioe
1091 4039 1190 4110 philol.
1204 4031 1376 4108 Schriften»
1399 4039 1547 4109 inscripto

402 4152 443 4224 (p.
463 4150 580 4205 391-408
599 4149 708 4224 118751),
731 4155 765 4203 ut
795 4166 831 4203 ax
859 4149 953 4220 ipsius
980 4147 1126 4218 Madvigii
1146 4146 1339 4202 adnotatione
1368 4146 1546 4218 colligimus

405 4259 573 4329 conscripta
592 4262 638 4312 ost
657 4274 735 4312 anno
754 4255 966 4311 MDCCCLVII
986 4261 1076 4326 atqua
1090 4255 1218 4325 primum
1234 4253 1314 4308 edita
1326 4255 1358 4308 in
1382 4255 1547 4309 «nouandi.

406 4367 435 4422 d.
454 4370 528 4421 Κὸη.
548 4367 616 4420 dein.
639 4366 771 4420 Geaeldrh.
791 4366 819 4418 d.
845 4363 927 4420 Wiss.
947 4362 1018 4437 ideo.
1039 4361 1158 4435 18571».
1178 4393 1209 4404 —

461 4474 472 4506 ⁸
490 4474 621 4528 Berolini
642 4472 711 4526 1896
721 4472 799 4542 apud
812 4472 941 4542 Calvary
955 4478 985 4526 et
1005 4471 1034 4525 0.
1049 4470 1326 4542 (3811111181υά.ιῖ
1343 4472 1431 4526 Iolcos.
1448 4470 1551 4526 Philet.

411 4602 438 4639 u.
459 4585 543 4639 Arch.
563 4583 595 4637 Β.
615 4581 696 4652 XVI,
716 4581 800 4636 Heft.
820 4582 857 4652 3).
