3658 5424
880 429 1040 488 ‚40-

387 561 435 614 sed
452 561 528 614 idem
545 561 595 627 qui
612 559 642 611 in
659 559 748 610 Licin.
764 558 916 622 codicaest
935 559 1085 609 verborum
1103 555 1171 608 ordo
1187 553 1263 620 apud
1280 553 1398 606 Diouem
1413 552 1541 605 Cassium

389 643 435 705 (fr.
453 643 505 704 100,
522 643 567 705 7).
581 678 587 692 .
600 637 663 708 ,τήν
676 655 702 688 τε
716 638 766 708 γὰρ
785 635 914 688 πολιτείαν
932 633 1025 706 ἠξίουν
1044 633 1094 704 οὐχ
1112 634 1212 694 ἑαυτοῖς
1232 633 1318 703 μόνον,
1337 629 1470 682 ἀλλὰκαὶ
1489 637 1542 689 τοῖς

389 715 585 788 ηὐτομοληκόσι
603 720 665 788 πρὸς
685 725 750 788 σφᾶς
770 716 886 789 δοθῆναι
904 715 967 780 nal,
986 725 1073 786 atque
1089 726 1150 770 erat
1167 721 1284 769 tortasse
1300 715 1376 782 apud
1392 715 1507 768 Livium
1524 730 1541 764 a

391 819 449 868 quo
465 803 588 868 plurima
604 803 656 854 Dio
672 803 792 868 sumpsit
810 803 839 854 in
861 800 1045 854 describenda
1065 799 1183 851 historia
1200 799 1370 864 reipublicae
1387 797 1493 848 liberae
1507 799 1546 858 (v.

390 884 515 935 Dieekm.
531 901 557 948 p.
573 884 623 947 63).
639 913 670 922 -
683 885 810 950 perfugis]
828 884 867 936 M.
884 883 1053 934 Puuruels
1065 879 1124 932 eod.
1135 908 1167 920 -
1179 879 1291 943 bonaque
1306 877 1481 942 redderentur]
1499 876 1543 940 Β.ς

391 964 456 1015 bona
471 982 493 1015 r.
511 965 549 1016 M.
566 970 595 1016 et
610 982 636 1029 p.
646 994 674 1005 —
684 964 984 1028 dipnitatem-putrdbaa]
1001 963 1047 1014 Sie
1062 962 1156 1013 locum
1174 961 1204 1012 in
1221 959 1280 1013 cod.
1296 964 1464 1024 corruptum
1480 957 1544 1020 (DI-

390 1046 764 1098 GNITATEMANTIREM
789 1047 866 1097 PRA
890 1046 912 1095 E
926 1047 930 1110 1
944 1043 1239 1096 SENTIB·PATRIB
1250 1046 1268 1105 ·)
1287 1043 1356 1093 bene
1381 1037 1546 1091 emendavit

389 1127 509 1177 Franek.
525 1131 561 1191 (p.
578 1128 651 1190 238„
667 1128 812 1190 dipnilatem
827 1134 885 1177 ante
901 1143 955 1176 rem
967 1125 1100 1188 publicam
1108 1124 1257 1187 ponentibus
1268 1123 1384 1185 patribus
1396 1122 1434 1172 M.
1446 1137 1487 1185 μς
1503 1121 1544 1172 dr'-

388 1208 508 1268 pnt‘tatem
524 1209 655 1270 antiquam
669 1226 736 1270 prae
752 1225 776 1258 se
791 1207 926 1271 ferentibus
939 1207 1059 1269 putribus
1073 1208 1103 1256 B.
1120 1233 1150 1246 -
1167 1206 1230 1268 tepea
1246 1234 1276 1242 —
1291 1204 1410 1268 concedit]
1429 1221 1453 1267 p.
1471 1201 1545 1252 idem

391 1287 513 1337 eonieeit
529 1288 584 1355 Μ.ς
601 1289 665 1350 tepeo
679 1306 743 1351 quaa
756 1288 919 1351 postulabant
937 1285 1231 1356 EOREOEPITcod.
1248 1285 1323 1336 unde
1340 1300 1406 1334 cum
1417 1285 1499 1333 Bern.
1515 1283 1545 1333 B.

391 1368 580 1431 seripserunt:
597 1370 624 1419 in
641 1369 704 1431 tepea
720 1387 783 1432 qaae
797 1368 959 1446 postulabant
974 1385 1015 1418 eoo
1030 1369 1140 1430 receptu
1156 1366 1203 1418 sed
1227 1367 1340 1428 recipere
1364 1365 1392 1414 e'n
1409 1365 1476 1426 tepea
1496 1365 1546 1415 vix

393 1447 449 1498 diei
467 1465 544 1511 posse
560 1449 692 1515 videtur;
718 1467 807 1515 neque
832 1453 905 1501 enim
931 1465 996 1500 oum
1020 1449 1072 1499 hoo
1088 1446 1278 1515 comparanda
1295 1451 1364 1498 sunt
1387 1447 1503 1508 recipere
1519 1446 1545 1494 r'n

391 1527 549 1589 deditionem,
566 1531 605 1580 ias
622 1535 674 1580 etc.
692 1547 764 1595 quae
781 1530 854 1581 alius
871 1535 938 1580 sunt
954 1531 1072 1594 generis.

447 1616 477 1664 B.
492 1601 596 1663 'iuream
607 1611 716 1676 miseere]
731 1611 775 1676 B.;
790 1611 962 1661 intermiscere
978 1626 1019 1676 μς
1035 1609 1076 1661 IN
1089 1646 1095 1659 .
1107 1645 1113 1659 .
1125 1645 1131 1660 .
1143 1609 1302 1661 MISCERE
1319 1605 1379 1659 cod.
1395 1635 1427 1646 -
1443 1623 1498 1656 eam
1513 1621 1545 1655 ee·

391 1702 479 1746 natam
494 1694 598 1757 uideret]
617 1692 669 1757 Μ.ς
692 1707 749 1741 canl
764 1691 792 1740 a'n
808 1709 826 1741 s.
844 1708 867 1741 v.
883 1691 943 1741 ada.
959 1707 1041 1740 omnes
1058 1689 1145 1741 Sullae
1160 1696 1226 1740 meta
1244 1691 1339 1741 Cinnae
1349 1679 1453 1738 eausam
1468 1703 1510 1752 μς
1523 1693 1546 1738 et

396 1793 461 1826 cam.
484 1781 570 1824 senatu
586 1772 716 1824 uideretur
732 1776 783 1822 etc.
800 1776 836 1822 ut
850 1772 881 1821 in
898 1776 988 1834 textu,
1006 1772 1052 1836 B.;
1069 1770 1158 1822 codex
1171 1775 1330 1835 corruptus.
1341 1798 1372 1806 ·-
1384 1775 1406 1818 et
1421 1769 1494 1832 ewra]
1507 1768 1546 1818 M.

393 1857 486 1919 tepebat
502 1857 557 1920 Μ.ς
581 1852 705 1915 detepebal
729 1867 872 1917 perperam
897 1851 973 1917 apud
998 1853 1028 1902 B.
1044 1881 1074 1890 -
1091 1853 1172 1918 XVI]
1195 1853 1241 1917 Β.ς
1265 1851 1356 1905 XV..
1372 1867 1398 1914 p.
1414 1849 1464 1914 qui
1481 1847 1545 1900 adn.

398 1955 453 1986 «an
469 1935 544 1988 XVI
555 1941 600 1986 aut
616 1933 746 1987 XVII?»
762 1961 792 1970 -

452 2217 488 2272 Α.
507 2214 620 2272 Nolani
633 2215 694 2271 -in
713 2213 895 2288 deditionem]
909 2213 992 2269 Haeo
1006 2215 1076 2269 alibi
1092 2233 1150 2269 non
1166 2213 1336 2269 traduntur.
1349 2212 1461 2268 Contra
1475 2212 1542 2268 omi·

397 2308 438 2362 sit
456 2306 632 2360 Licinianus
651 2322 726 2374 quae
740 2305 820 2358 inter
839 2304 994 2358 Metellum
1008 2311 1040 2358 et
1059 2304 1209 2360 Samnites
1225 2309 1315 2359 antea
1330 2309 1418 2358 erant
1432 2309 1499 2358 aeta
1512 2307 1542 2356 et

397 2396 542 2468 proelium
558 2411 623 2463 que,
640 2398 707 2464 post
722 2392 836 2448 Metelli
856 2391 1028 2461 discessum,
1042 2393 1131 2448 huius
1146 2393 1264 2464 legatus
1277 2393 1414 2448 Plautius
1427 2411 1444 2446 a
1458 2391 1542 2445 Sam-

397 2485 511 2540 nitibus
521 2483 605 2538 fusus
617 2489 662 2538 est
671 2483 710 2554 (v.
720 2482 842 2536 Momm.
852 2500 876 2536 o.
888 2501 926 2536 m.
937 2483 979 2548 ΙΙ,
990 2502 1017 2554 p.
1027 2484 1147 2556 309-10).
1160 2514 1189 2524 -
1195 2485 1352 2554 propretor]
1360 2484 1468 2553 inepte,
1479 2499 1545 2536 cum

398 2591 458 2628 non
468 2573 586 2627 dicatur
596 2571 645 2626 ubi
658 2577 748 2626 antea
760 2571 866 2626 Nolani
879 2573 1080 2626 constiterint.
1094 2605 1127 2613 ·-
1139 2573 1258 2628 Mariae
1270 2605 1300 2613 -
1315 2572 1347 2628 ln
1359 2569 1541 2643 deditionem]

397 2663 443 2721 Ex
462 2663 623 2733 Campania
638 2663 750 2716 transit
764 2661 938 2716 Licinianus
957 2661 994 2716 ad
1013 2668 1164 2718 extremas
1183 2662 1326 2719 Umbriae
1346 2678 1422 2716 orae.
1437 2692 1469 2704 --
1480 2662 1542 2718 Ser·

398 2750 510 2826 ailiam]
530 2751 668 2806 Pertzius
688 2756 769 2805 recte
789 2752 898 2805 conicit
918 2751 998 2806 hune
1016 2751 1108 2807 fuisse
1128 2752 1160 2807 P.
1180 2752 1339 2808 Servilium
1352 2751 1479 2817 Vatiam,
1492 2749 1542 2820 qui

400 2846 503 2912 postea
522 2840 673 2895 Isauricus
692 2839 860 2910 appellatus
879 2845 925 2896 est
944 2840 993 2912 (de
1006 2858 1063 2910 quo
1083 2859 1111 2895 v.
1132 2839 1228 2912 Pauly
1243 2844 1278 2897 R.
1298 2840 1424 2908 E.v1,1,
1444 2857 1471 2910 p.
1491 2838 1543 2891 118

397 2949 427 2986 n.
442 2931 500 3001 40).
515 2961 547 2970 -
562 2930 645 3000 apad
663 2929 755 2984 Artm.
773 2929 863 2999 fuyal
880 2936 944 3004 ete]
965 2930 1031 2984 Non
1051 2929 1087 2986 de
1107 2931 1235 2984 Arimini
1256 2929 1477 3000 expugnatione
1495 2927 1544 2982 hio

397 3020 508 3090 agitur,
528 3017 606 3088 quod
626 3017 766 3090 oppidum
785 3019 845 3071 iam
865 3024 935 3073 ante
955 3037 1086 3090 pugnam
1105 3021 1136 3074 in
1157 3019 1291 3074 Ianiculo
1311 3019 1419 3074 factam
1434 3019 1465 3072 in
1484 3017 1543 3072 Ma-

398 3111 552 3163 rianorum
571 3112 751 3178 potestatem
771 3113 905 3162 venerat.
920 3109 964 3161 Ex
978 3108 1078 3164 verbis
1092 3109 1240 3163 Liciniani
1254 3110 1348 3178 igitur
1364 3107 1543 3162 concluden-

399 3195 469 3250 dum
488 3201 542 3265 est,
562 3201 596 3248 ut
615 3199 702 3266 putat
715 3195 841 3250 Franok.
855 3196 893 3267 (p.
911 3196 984 3267 256),
999 3196 1158 3252 Servilium
1178 3215 1283 3253 rursus
1294 3198 1463 3252 Ariminum
1477 3197 1543 3251 Ma-

399 3287 492 3341 rianis
511 3287 625 3356 eripere
645 3285 784 3355 voluisse,
797 3285 848 3340 sed
868 3286 905 3340 ab
925 3287 1031 3357 oppido
1051 3286 1203 3358 repulsum
1223 3292 1253 3342 et
1272 3287 1409 3358 fugatum
1424 3304 1543 3342 esse.—

400 3393 472 3447 qaos
491 3374 668 3448 corruperat]
681 3401 716 3422 =
728 3393 800 3446 qam
819 3377 859 3431 ad
876 3392 962 3432 ouant
981 3377 1155 3433 sententiam
1171 3379 1353 3448 perduxerat
1365 3378 1383 3430 i.
1397 3395 1421 3432 e.
1436 3377 1543 3447 quibus

400 3471 537 3521 suaserat
548 3471 580 3519 ut
591 3483 674 3518 erma
685 3465 837 3520 abicerent
846 3471 899 3519 aut
910 3465 946 3518 ad
958 3483 989 3520 se
1001 3466 1234 3538 transfugerent.
1244 3470 1308 3522 Per.
1319 3467 1384 3522 Liv.
1394 3466 1543 3521 LXXIX:

402 3556 497 3623 Cinna
508 3593 513 3609 .
525 3596 531 3610 .
543 3593 549 3608 .
563 3557 732 3625 corruptum
750 3555 843 3626 Appii
856 3554 976 3612 Claudii
988 3556 1145 3612 eaeruitum
1159 3556 1192 3611 ia
1203 3559 1370 3626 potestatem
1383 3556 1498 3628 redepa't.
1510 3587 1543 3597 -

400 3647 529 3702 Senatus
545 3661 599 3714 per
617 3644 727 3699 Metelli
745 3647 794 3714 lep.
812 3677 844 3685 -
858 3643 1003 3718 patribus]
1018 3644 1141 3715 Iamque
1153 3644 1189 3700 ad
1204 3645 1352 3700 Samnites
1368 3651 1398 3700 et
1411 3645 1543 3701 Nolanos

401 3735 537 3788 Arimino
557 3733 688 3789 redimus
708 3750 759 3804 per
779 3736 943 3789 transitum
963 3736 1014 3804 qui
1042 3734 1156 3789 nullam
1184 3735 1275 3790 habet
1305 3737 1363 3790 nisi
1385 3735 1543 3791 brevitatis

400 3823 705 3893 commendationem,
726 3825 745 3878 i.
766 3841 789 3879 e.
808 3841 887 3895 eque
901 3841 925 3892 »ς
946 3824 997 3880 sed
1011 3824 1040 3879 id
1054 3827 1186 3896 gravius¹
1201 3825 1279 3896 quod
1292 3825 1389 3881 denuo
1408 3825 1542 3882 ordinem

400 3931 501 3968 rerum
512 3913 567 3967 hoe
579 3913 643 3968 loeo
658 3914 865 3984 perturbatum
879 3916 1043 3983 sentimus;
1057 3932 1125 3969 eum
1138 3917 1217 3970 enim
1231 3917 1384 3987 superiore
1397 3933 1464 3988 pag.
1478 3934 1543 3971 nar·

400 4009 500 4057 ratum
523 4005 563 4058 sit
586 4003 740 4058 Metellum
760 4005 791 4058 in
810 4006 975 4076 propinquo
994 4005 1077 4060 urbis
1096 4022 1169 4074 esse,
1188 4023 1267 4060 nune
1287 4005 1323 4061 de
1341 4023 1376 4060 ea
1391 4006 1542 4078 legatione

400 4091 438 4145 ad
457 4096 594 4146 senatum
611 4091 763 4146 inducitur
778 4109 885 4162 sermo,
910 4111 986 4163 quae
999 4093 1101 4165 procul
1115 4094 1205 4149 dubio
1229 4094 1356 4149 Romam
1370 4097 1455 4150 venit
1475 4113 1542 4150 eum

400 4179 540 4236 Metellus
553 4179 684 4235 nondum
696 4181 888 4252 Campaniam
903 4183 1075 4253 reliquerat.
1088 4185 1168 4239 ——de
1181 4184 1335 4258 aeterniate]
1346 4209 1380 4231 =
1393 4186 1429 4240 de
1440 4188 1542 4255 pasta·

400 4269 505 4326 tatisv.
517 4268 581 4324 Riv.
600 4268 633 4324 di
651 4269 707 4324 Fit.
723 4269 741 4323 1.
752 4287 791 4324 m.
813 4289 840 4342 p.
862 4270 916 4324 aa.
934 4271 1001 4326 adn.
1014 4304 1045 4314 -
1065 4271 1098 4326 in
1115 4288 1216 4342 pacem
1236 4271 1380 4345 velaturus]
1393 4298 1426 4322 =
1439 4289 1543 4345 pacem

400 4362 567 4428 accepturos
586 4376 613 4414 v.
633 4359 697 4414 llio.
708 4359 742 4414 di
753 4360 810 4416 rit.
821 4359 890 4415 ibid.
906 4394 933 4402 —
951 4360 1093 4435 perfaqt’s]
1104 4361 1248 4418 Romanis
1267 4363 1318 4433 qui
1337 4363 1374 4418 ad
1394 4363 1543 4419 Samnites

401 4449 597 4521 profugerant
616 4449 655 4521 (v.
667 4449 786 4504 Momm.
803 4451 821 4504 l.
836 4451 887 4523 m.)
905 4481 940 4494 -
959 4455 1034 4508 bona
1050 4451 1247 4526 redderentur]
1260 4471 1319 4508 non
1334 4453 1475 4524 praedam
1488 4453 1544 4508 for·

402 4544 493 4608 tasse,
509 4555 583 4609 quae
598 4539 663 4610 paci
677 4539 889 4610 impedimento
900 4558 965 4598 esse
980 4559 1039 4596 non
1059 4546 1186 4612 poterut,
1201 4541 1252 4598 sed
1265 4560 1354 4613 agros
1367 4543 1424 4598 sibi
1437 4549 1468 4599 et
1483 4560 1544 4615 per·
